2618 4626
524 410 792 481 *aaa*

146 622 211 668 una
237 627 314 669 eum.
357 568 488 690 saepiae
516 605 607 693 etiam
636 610 699 676 σόν
734 605 936 671 librariorum
969 607 1172 696 negligentia

144 730 199 781 aut
224 715 477 802 praetermissum
506 731 552 782 eat
573 731 626 781 aut
653 718 810 797 additum,
840 731 876 783 ut
896 733 1003 802 puteat
1032 723 1173 812 intelligi

143 853 180 896 ex
200 832 297 893 leocr.
319 831 435 915 Areop.
458 853 485 894 c.
494 833 524 896 5.
567 833 706 920 Philipp.
728 836 818 919 ο.57.
860 831 1028 896 Demosth.
1053 859 1090 920 p.
1106 839 1170 924 307.

143 943 289 1007 Acachia.
309 943 421 1028 poor.
464 944 581 1008 Tamen
610 959 723 1011 uoetro
752 946 908 1010 hocloco
929 944 1046 1011 abesse
1071 950 1172 1012 malim

69 1084 71 1095 ·
144 1060 225 1136 σόν,
260 1056 347 1141 quod
380 1053 472 1119 etiam
505 1062 636 1122 verbum
670 1062 844 1140 ἀπώλετο,
881 1059 972 1145 quod
1002 1064 1169 1142 antecedit,

143 1171 375 1257 praepositione
410 1184 505 1239 caret.
554 1173 719 1238 Caeterum
752 1173 862 1243 aerbo.
883 1170 1171 1261 ,συνδιαφθείρειν

144 1306 219 1348 nsua
240 1298 287 1349 eat
308 1284 486 1347 Dinarchus
504 1307 537 1370 p.
555 1307 630 1355 root
663 1293 703 1355 oui
730 1285 1121 1379 συνδιέφθαρται
1140 1295 1174 1360 τὸ

143 1409 207 1464 τοῦ
236 1402 339 1483 δήμου
367 1402 494 1474 πλῆθος
524 1411 591 1466 τῶν
626 1405 769 1490 ρητόρων
790 1435 835 1471 -,
852 1403 956 1465 τισίν.
1003 1401 1114 1466 laocr.
1143 1403 1174 1466 de

144 1511 225 1575 Pace
252 1532 279 1573 c.
298 1511 354 1572 16.-
391 1519 485 1598 μήπω
511 1493 921 1602 συνδιεφθαρμένος
946 1518 1045 1601 ἡμῖν.
1069 1553 1116 1568 -·
1142 1521 1174 1582 τὸ

145 1626 223 1700 τοὺς
245 1625 405 1708 ἡγεμόνας
419 1621 421 1624 ⁴
435 1631 564 1706 αἰτίους
580 1643 638 1694 etc.
680 1628 772 1705 Hauc
793 1628 947 1691 Dinarchi
982 1631 1175 1697 senteutiam

144 1738 251 1803 laudat
271 1737 465 1830 Weaaeliug.
486 1743 527 1807 ad
546 1742 682 1811 Diodor.
704 1740 776 1821 al,
794 1764 828 1828 p.
841 1741 925 1837 566.Ι

578 1926 657 2026 Pa'g.
674 1928 752 2030 552¹

247 2081 435 2168 Ἰφικράτης
458 2085 570 2157 ἀνεῖλε
589 2083 650 2161 τὴν
672 2081 947 2167 Δακεδαιμονίων
962 2074 1026 2166 ’μό
1040 2110 1061 2168 ρ
1074 2109 1101 2150 α
1113 2113 1140 2155 ν.

90 2226 93 2233 ·
226 2191 262 2254 lu
284 2195 444 2259 codicibus
471 2212 517 2262 est
538 2210 684 2284 μοῖραν,·
703 2195 796 2283 'quod
815 2193 856 2258 H.
877 2191 1047 2274 wolfius,
1083 2188 1175 2264 seali-

144 2325 220 2390 gar,
258 2305 424 2386 lleialaiue‚
458 2310 622 2375 Bellunum
660 2307 842 2389 mutandum
875 2327 942 2370 aare
981 2325 1175 2376 censuerunt

143 2419 177 2481 iu
200 2421 326 2504 μόραν,
348 2442 484 2504 quorum
504 2423 622 2507 judicio
643 2423 779 2487 libenter
792 2414 955 2497 amantior,¹
979 2443 1175 2511 quamquam

143 2533 247 2596 editor
267 2530 454 2595 novissimus
485 2534 629 2596 codicum
650 2535 834 2599 auctoritate
848 2580 853 2589 .
866 2532 955 2594 uisae
979 2535 1172 2601 confirmare

144 2661 277 2711 conatur
306 2661 435 2731 μοῖραν.
473 2645 707 2732 Wesaeliugiua
734 2649 773 2711 ad
792 2644 927 2709 Diodcr.
948 2645 1053 2727 1211,
1079 2675 1114 2736 p.
1132 2649 1172 2714 26.

143 2760 271 2824 scribito
311 2759 458 2837 „nullum
476 2748 533 2821 'eat
563 2756 729 2821 discrimen
756 2759 838 2822 intur
873 2773 973 2844 μοῖρα
1005 2773 1041 2823 et
1076 2766 1171 2849 μόρα,

142 2873 202 2935 nisi
224 2874 311 2957 quod
330 2875 405 2936 haec
427 2871 530 2947 forma
548 2871 723 2935 Laconicae
745 2873 786 2935 ait
806 2872 942 2937 dialecti.
982 2870 1172 2938 Promiacua

142 3000 308 3073 utrumque
337 2970 512 3052 adhibetur.
522 2991 542 3024 “
583 2983 733 3070 Xenoph.
763 2987 802 3051 dc
833 2984 1039 3071 replaced.
1075 3011 1104 3052 c.
1123 3011 1169 3052 ar:

142 3101 264 3185 οότωγε
287 3103 349 3189 μὴν
371 3099 687 3185 κατεσκευασμένων
711 3074 842 3185 μόρας
866 3101 924 3186 μὲν
946 3102 1078 3176 διεῖλον
1097 3102 1168 3185 (Ly-

141 3227 272 3299 curgus)
303 3212 335 3293 ἓξ
358 3217 448 3281 καὶ
439 3213 562 3281 ιππέων
584 3216 643 3277 καὶ
663 3204 820 3282 iulauoiv.
865 3212 1011 3291 Ἑκάότη
1043 3216 1084 3279 δὲ
1107 3223 1168 3280 τόν

143 3335 278 3410 μορῶν
311 3328 382 3421 ἔχει
399 3328 666 3435 πολέμαρχον
652 3354 710 3395 ενα
727 3340 783 3392 etc.
822 3324 863 3391 cf.
882 3325 1033 3413 Xenoph.
1074 3330 1167 3414 Agea

144 3459 209 3516 nc,
227 3442 276 3505 α5.
306 3422 402 3505 Ublao
424 3421 564 3506 Emmiua
585 3426 779 3505 Graecorum
798 3463 879 3527 reap
899 3443 1014 3537 piato
1047 3444 1167 3526 pdaa.

128 3551 241 3620 ,Cora
267 3553 347 3639 Nep.
378 3548 526 3640 Iphicrat.
561 3577 586 3617 ο
608 3575 643 3616 a:
680 3553 747 3617 llic
774 3554 994 3641 (Iphicrates)
1025 3555 1168 3618 exercitu

143 3687 264 3732 moram
284 3648 633 3733 Lacedaemoniorum
622 3668 799 3752 rutercepit.
838 3668 938 3734 Cic.
927 3691 962 3730 ra
983 3666 1167 3743 Tuacul.ll,

142 3781 241 3843 c.16.
293 3776 334 3845 V.
347 3778 510 3866 ''laylorus
545 3781 585 3844 ad
619 3778 803 3843 Ae'schiaem
832 3805 863 3866 p.
879 3780 949 3846 635.
994 3778 1165 3864 Wyttenla

141 3889 254 3978 Eolog.
290 3896 369 3959 Hist.
404 3919 436 3980 p.
455 3894 527 3967 415.
570 3886 779 3956 schneiderus
816 3894 857 3957 ad
887 3892 1056 3977 Xenoph.'
1077 3894 1166 3956 Hier.

97 4089 99 4094 Ι
140 4022 217 4088 cp,
238 4006 267 4068 5.
297 4030 361 4092 quo
382 4009 454 4071 loeo
476 4005 584 4069 itidem
606 4017 734 4090 μοῖρα
754 4006 883 4093 legitur.
927 4006 1025 4090 Apud
1047 4007 1166 4069 Aristi-

142 4117 210 4181 dem
233 4118 391 4183 declamat.
408 4118 498 4204 Lept.
519 4140 550 4203 p.
561 4140 619 4203 77:
640 4119 697 4182 uni
711 4117 772 4196 τὴν
791 4119 897 4205 μόραν
919 4121 1069 4204 aenaeae
1085 4124 1164 4205 Ἰφι-
