2618 4626
142 613 365 712 Stephanus
402 609 454 685 ad
486 607 556 685 has
577 607 792 711 orodonas
833 605 1091 705 anplinandau
1111 621 1153 695 et

146 739 406 820 emendandas
424 734 683 813 contulerunt.
712 733 784 815 ,Ad
801 733 899 811 haee
916 732 1153 812 Schmidtius

143 871 330 947 librorum
382 887 498 938 manu
530 865 776 960 -ocriptorum
803 861 1153 961 *)-.disorepantias
1229 888 1232 896 ·

141 1021 175 1096 a⁸
194 998 374 1073 Bekkero
419 1004 585 1065 notatas·
603 1013 691 1064 non.
716 987 967 1085 indiligenter
995 990 1155 1066 deseri·

142 1127 245 1225 pait3
279 1125 366 1221 ipse
393 1142 486 1196 vero
512 1118 610 1191 nihil
637 1119 796 1190 omnino
824 1115 1011 1204 contulit,
1027 1095 1153 1217 ⁸quod

147 1263 250 1329 esset
273 1249 389 1327 laude
420 1248 549 1343 aliqua
580 1244 822 1341 dignum-”t
845 1257 885 1316 et
914 1266 965 1318 no
1004 1245 1153 1321 indices

146 1376 308 1478 quidem
364 1363 550 1453 editionis
601 1372 834 1449 Reiskianae
889 1368 1045 1446 adauxit
1073 1370 1154 1464 *ἢ

140 1558 522 1583 m*

211 1663 246 1740 Ἴ
266 1663 351 1730 Usus
372 1677 418 1728 ast
438 1662 599 1726 Boklterus
618 1661 779 1725 codicibus
812 1658 1154 1746 quatuorreosntsstus,

265 1767 304 1829 A.
326 1764 454 1839 (idest)
475 1762 684 1846 Crippsiauo‚
705 1763 742 1825 Β.
764 1763 986 1838 Laurentiano,
1007 1761 1045 1825 [ι.
1070 1761 1155 1827 Mar·
1230 1771 1232 1775 '

270 1865 378 1943 aiano,
400 1863 437 1925 Z.
460 1861 709 1925 Vratisluvienai.
751 1863 835 1924 luter
856 1863 914 1923 hos
938 1862 993 1945 qui
1015 1875 1045 1925 et
1065 1862 1155 1923 boni·

268 1977 329 2026 tate
349 1976 380 2027 et
400 1961 577 2048 integritate
597 1975 751 2046 praestat,
780 1961 984 2057 Crippsianus
1004 1944 1154 2023 membra'-

270 2074 342 2124 teua
368 2074 423 2123 ast.
445 2097 485 2111 -
525 2060 576 2124 Ad
597 2060 778 2145 Crippsiani
805 2062 926 2124 laudem
941 2074 990 2123 ¹ut
1010 2050 1154 2144 proxime

150 2194 153 2199 ·
272 2161 391 2222 secedit
424 2160 668 2238 Laurentianus,
700 2162 744 2223 ito
779 2161 862 2223 inter
895 2161 1093 2223 Marcianum
1123 2173 1155 2223 at

172 2330 175 2335 ,
271 2259 541 2323 Vratislariensem
560 2260 753 2325 incredibilia
774 2262 954 2325 mandarum
976 2263 1103 2325 maxima
1123 2273 1155 2323 at
1269 2284 1299 2307 ¹·

269 2357 645 2424 lacunarumuommunio.
654 2361 816 2425 Beltkerua
825 2375 903 2425 orat.
913 2361 1008 2425 Attio.
1018 2361 1079 2439 rt,
1088 2385 1118 2446 p.
1126 2383 1152 2422 ι.

194 2522 246 2599 **)
265 2523 306 2603 V.
324 2524 473 2611 Pinzgeri
488 2526 527 2589 de
546 2526 605 2588 hac
618 2518 782 2588 Schmidt'ii
804 2525 938 2588 editione
957 2526 1106 2608 juditium
1120 2525 1154 2587 iu

266 2624 379 2686 Annal.
395 2624 512 2688 Philol.
527 2624 575 2688 ed.
589 2624 684 2689 Jahn.
702 2625 799 2704 Ήίί,
821 2625 894 2689 fasc.
905 2625 943 2704 ll,
964 2649 995 2711 p.
1005 2627 1044 2713 76
1054 2628 1152 2688 -86.

174 2764 241 2842 ***)
263 2765 436 2829 Dimidiam
463 2780 583 2850 partem
615 2769 839 2833 vocabulorum
859 2791 878 2832 a
898 2769 1029 2832 Reiskio
1051 2770 1085 2830 in
1105 2768 1153 2830 in·

268 2865 391 2928 ditibus
411 2869 657 2949 praetermissam
677 2891 757 2946 essa,
786 2869 1002 2932 demonstrabo
1024 2870 1054 2930 h.
1076 2871 1097 2931 l.
1118 2891 1153 2930 ax

263 2966 366 3028 indice
381 2966 570 3043 Dinarchum
592 2983 626 3031 ut
639 2971 816 3032 admoneam
836 2992 900 3047 eos,
922 2969 977 3054 qui
996 2968 1152 3030 iudicibus

266 3065 314 3126 uti
334 3065 454 3134 solent.
474 3089 513 3129 ne
534 3082 645 3133 temere
667 3068 707 3130 iis
721 3068 858 3132 credant.
900 3070 1034 3132 Afferam
1052 3083 1152 3131 autem

266 3165 364 3243 verba
391 3187 410 3228 a
439 3167 541 3230 littera
562 3195 585 3232 α
613 3168 797 3251 incipientia
825 3170 947 3246 omnia,
977 3191 1056 3253 qaae
1080 3170 1153 3231 Rei-

267 3265 354 3328 oltiua
391 3267 607 3350 praetermisit.
653 3271 790 3353 ἀγαθός.
826 3273 966 3355 ἀγαθόν.
998 3272 1159 3355 ἀδελφός.·

266 3367 422 3451 ἀδίκημα.
446 3370 572 3444 ἀδίκως.
603 3368 730 3459 ἄδοξος.
765 3373 1017 3456 ἀδωροδόκητος.
1039 3374 1152 3456 αἰσχύ-

265 3473 399 3533 νεσθαι.
431 3472 549 3533 αἰτεῖν.
577 3473 695 3547 αἴτιος.
727 3475 921 3548 ἀκόλουθος.
952 3476 1151 3548 ἀκολούθως.

267 3569 409 3633 ἀκούειν.
441 3571 589 3652 ἀκριβῶς.
625 3575 777 3657 ἀκυροῦν.
815 3577 947 3650 ἀληθής.
987 3575 1152 3650 ἀληθινός.

268 3669 479 3743 ἁλίσκεσθαι.
502 3673 599 3736 ἀλλά.
625 3675 783 3749 ἀλλήλων.
805 3675 939 3740 ἄλλοθι.
962 3677 1072 3750 ἄλλος.
1096 3677 1153 3736 ἀλ·-

268 3769 408 3851 λότριος.
444 3772 650 3850 ἀλυσιτελής.
701 3777 917 3858 ἁμαρτάνειν.
962 3778 1152 3862 ἁμάρτημα.

265 3872 426 3953 ἁμαρτία.
455 3874 599 3955 ἀμελεῖν.
630 3878 829 3958 ἀμύνεσθαι.
857 3879 1050 3962 ἀμφότεροι.
1074 3880 1153 3942 ἀνα-

267 3972 405 4054 βαίνειν.
436 3975 684 4055 ἀναγινώσκειν.
718 3979 928 4062 ἀναγκάζειν.
962 3982 1152 4062 ἀναγκαῖος.

267 4072 404 4153 ἀνάγκη.
424 4075 591 4159 ἀνάθημα.
610 4080 777 4143 ἀναίδεια.
791 4083 949 4169 ἀναιρεῖν.
968 4081 1152 4162 ἀναμένειν.
