2618 4626
631 406 777 524 -ssa
825 483 875 499 -
979 539 982 546 ,

249 676 282 719 se
310 653 533 718 Demosthenes
560 665 645 716 esset.
666 664 891 738 congrum-us,
920 654 981 717 sibi
1008 654 1158 742 fugienda
1187 650 1267 734 esse,

249 769 276 831 si
299 780 394 844 (tum,
423 788 494 828 oum
515 765 657 828 convicia
679 764 732 826 illu
752 764 815 849 ipsi
833 763 1005 851 fugissent)
1033 767 1140 830 cis-itus
1162 770 1194 828 in
1214 790 1269 852 pe-

249 881 385 942 riculum
406 879 536 963 aliquod
563 891 617 940 aut
636 875 795 940 infamiam
820 877 1007 941 incurreret.
1049 881 1187 964 Apparet
1208 880 1270 966 igi-

248 1005 300 1055 tur
326 1005 382 1065 aut
407 991 579 1054 tollendum
606 1011 671 1052 esse
699 1010 877 1075 pronomen
902 995 1003 1067 αὐτῆς
1030 1003 1085 1052 aut
1105 991 1269 1053 emendan-

226 1107 323 1170 dum
343 1102 464 1188 aliquid
486 1104 547 1166 hoc
569 1103 651 1164 loco.
694 1102 858 1166 Beltlrerus
880 1102 1004 1187 scripsit
1023 1110 1157 1182 αὐτοῖς,
1187 1105 1270 1167 dati-

248 1230 388 1294 rum‚.ut
408 1212 541 1293 ridetur,
561 1236 621 1300 pro
643 1214 780 1302 genitivo
802 1215 886 1299 poni,
899 1215 1090 1293 existiman23
1112 1217 1192 1278 illud
1211 1241 1270 1280 au-

248 1342 311 1392 tem
332 1351 396 1391 non
417 1329 688 1412 reprehenderim,
718 1326 805 1410 quod
824 1327 977 1410 pluralem
1006 1351 1136 1391 numero
1158 1329 1271 1414 singu-

248 1442 310 1505 luri
344 1442 530 1526 anteposuit.
581 1439 693 1506 Solent
727 1439 809 1502 enim
839 1442 1009 1524 scriptores
1044 1442 1139 1504 Attici
1168 1443 1268 1504 verbo

248 1555 368 1641 βουλὴ,
397 1556 468 1631 ἡιέξ
491 1555 618 1636 Ἀρείου
639 1553 750 1634 πάγου
773 1556 872 1636 βουλή
899 1554 1049 1638 pluralem
1071 1554 1135 1618 fere
1157 1556 1270 1639 adjun-

246 1690 340 1755 gere,
370 1681 405 1729 ut
425 1667 597 1730 Aeschines
624 1665 752 1750 puell:
783 1669 842 1728 οὐκ
873 1667 939 1753 ἄρα
967 1672 1268 1752 στεφανώσετᾳιὴ

242 1781 398 1865 βονλὴς
426 1782 501 1844 οὐδὲ
523 1781 585 1865 γὰρ
607 1780 751 1861 πάτριόν
773 1783 867 1847 ἐστιν
890 1785 1054 1858 αὐτοῖς.
1085 1779 1267 1843 Dinarchus

244 1915 317 1979 pag.
337 1901 395 1965 [με
425 1896 595 1977 apocal
624 1897 713 1970 ζητεῖ
733 1897 839 1959 -,τὰ
870 1895 1064 1977 γεγενημένα
1098 1898 1175 1984 παρ’
1200 1901 1267 1958 αὑ-

244 2007 580 2088 τοῐςηάδικήματαγ
611 2027 675 2087 quo
708 2006 780 2068 loco
802 2003 1009 2087 Hieronymus
1032 2006 1169 2068 Wolfius
1199 2008 1267 2069 sine

244 2138 336 2180 causa
364 2121 442 2200 παρ’
462 2123 575 2203 αὐτῇ
599 2117 665 2179 vult
693 2119 861 2180 emendari.
905 2117 987 2180 Vide
1018 2118 1166 2180 Dinarch.
1194 2141 1225 2202 p.
1235 2140 1264 2201 9.

243 2231 390 2294 Atticista
418 2250 592 2313 anonymus
620 2232 704 2315 apud
725 2232 851 2294 Villois.
880 2229 914 2291 in
936 2231 1096 2293 anecdotis
1117 2232 1208 2294 Tum.
1224 2231 1264 2305 ll,

180 2391 183 2394 »
240 2366 273 2428 p.
288 2344 345 2414 84:
377 2346 456 2410 ἀντὶ
476 2352 539 2407 τοῦ
560 2320 681 2420 ebrato,
712 2342 949 2430 adportaverat,
980 2345 1003 2408 ὦ
1026 2347 1124 2429 βουλὴ
1152 2347 1263 2428 λέγον-

244 2482 300 2522 σιν
323 2461 373 2535 (ol
392 2459 569 2530 Ἀττικοί).
613 2456 802 2545 Quanquam
833 2477 872 2518 ne
901 2457 1031 2540 pluralis
1060 2457 1184 2541 quidem
1206 2481 1263 2520 nu·

242 2589 346 2630 merus
374 2582 421 2632 est
449 2569 641 2633 necessarius
674 2569 746 2631 ride
771 2567 923 2631 Dinarch.
952 2571 1032 2652 pt:
1067 2576 1176 2648 ζητεῖν
1200 2573 1275 2647 τὴν,

176 2709 179 2714 ·
240 2685 423 2766 βουλὴν,
451 2689 491 2759 ὡς
513 2686 624 2766 αὐτῇ
648 2683 792 2769 πάτριόν
812 2689 915 2749 ἐστιν.
944 2684 1053 2746 etheo
1081 2683 1149 2767 ipso
1170 2684 1262 2747 loco:

241 2797 309 2862 τεῒν
330 2800 406 2881 περὶ
427 2802 560 2872 αὐτῆς
579 2799 740 2880 ἐσομένων
763 2799 989 2881 βλασφημιῶν.
1022 2797 1091 2859 vide
1112 2819 1192 2880 quae
1214 2798 1263 2860 di-

240 2926 344 2970 cemus
365 2909 404 2971 ud
425 2931 454 2993 p,
470 2911 520 2974 do.
565 2906 715 2992 Displicet
742 2907 844 2994 igitur
870 2909 930 2971 hoc
953 2908 1023 2970 loco
1045 2927 1110 2970 non
1132 2910 1263 2992 quidem

240 3040 388 3084 numerus
407 3020 557 3104 pluralis,
588 3020 641 3084 sed
661 3033 692 3081 et
711 3042 886 3104 pronomen
914 3021 1016 3104 ipsum
1045 3034 1076 3083 et
1097 3043 1186 3084 casus
1210 3024 1264 3087 du·

242 3130 332 3195 tirus.
374 3133 478 3217 Atque
506 3132 582 3194 haec
606 3132 773 3209 difficultas
802 3133 902 3194 omnis
931 3146 1092 3196 evanescet
1118 3134 1263 3220 interpo-

241 3240 299 3304 sita
321 3244 551 3330 praepositione
573 3249 618 3311 δι’
640 3247 753 3323 (διά),
774 3256 809 3306 ut
829 3246 1001 3308 scribatur:
1026 3248 1055 3309 el
1073 3273 1126 3324 τις
1145 3251 1263 3331 μέλλει

240 3366 283 3442 τῇ
303 3363 494 3444 πατρίδι
517 3363 561 3425 δι’
581 3365 717 3434 αὐτῆς
739 3360 837 3422 αἰτία
869 3361 1022 3444 μοχθηρὰ
1042 3396 1082 3410 -
1106 3360 1261 3429 ἔσεσθαι.

110 3480 140 3491 '⁴
240 3471 410 3535 ludicatiso
432 3487 550 3553 tamen,
580 3494 768 3558 quamquam
797 3493 861 3533 non
890 3471 1008 3535 alienus
1030 3487 1076 3535 est
1096 3497 1113 3535 a
1135 3476 1260 3540 ratione

133 3588 140 3601 ‘
239 3582 367 3669 liuguae
403 3585 561 3664 Graecae,
594 3572 837 3671 praeferendum
869 3608 936 3648 esoe
968 3586 1108 3649 existimo
1144 3591 1260 3672 optati-

238 3718 328 3772 vum,
361 3699 448 3781 quod
469 3695 731 3787 Areopagitarum
752 3711 818 3760 tota
839 3699 922 3787 haec*
938 3713 983 3762 est
1003 3701 1165 3762 sententia.
1212 3702 1257 3765 Si-

238 3810 385 3873 millimus
413 3824 459 3876 est
486 3813 576 3877 locus
604 3810 827 3895 Xenophontis
856 3812 890 3872 in
910 3811 1058 3899 Agesilao
1087 3833 1114 3872 c.
1132 3832 1167 3888 a,
1202 3816 1255 3878 25:

236 3926 412 4009 χρημάτων
442 3912 525 4010 tripu
550 3929 615 4004 ’τὴν
643 3929 745 3992 πόλιν
776 3926 947 4009 δεομένην,
976 3930 1005 3988 εἰ
1033 3926 1149 4010 μέλλον
1174 3927 1256 3993 τινὰ

236 4039 415 4124 ’σύμμαχον
438 4039 578 4117 ἕξειν-
595 4043 664 4104 οὐδ’
686 4020 869 4125 ᾐσχύνετο,
893 4042 921 4102 εἰ
943 4041 1056 4124 μέλλοι
1073 4040 1132 4113 τὴν
1155 4043 1255 4107 πόλιν

163 4230 168 4243 s
236 4155 428 4233 ὠφελήσειν,
451 4156 650 4237 πρεσβευτὴς
670 4155 928 4243 ἐκπορευόμενος.
952 4152 1035 4216 Vide
1051 4151 1252 4239 llruegerum
