2618 4626
444 433 706 488 -lll···

73 589 250 704 uersutus}
268 638 359 708 aque
380 625 423 685 ra
453 622 551 684 aaran
570 643 605 682 ει
627 621 716 685 aaa.
739 623 774 684 a.
797 637 827 685 a
848 623 884 686 n.
906 622 1076 688 canterus.
1172 600 1175 605 ’
1263 695 1268 706 Ι

75 747 162 817 οἶκος
184 740 264 802 enim
284 738 352 802 lul
374 759 438 798 non
458 748 560 819 potest
579 757 636 818 per
659 733 781 818 ellipsin
802 734 972 818 supprimi,
994 708 1080 821 quod

75 857 151 916 alias
172 851 242 914 fieri
262 854 340 914 solet
372 874 399 912 v.
418 849 525 912 Lornh.
548 849 622 912 Bos.
644 871 674 932 p.
685 851 754 920 341.
798 848 922 912 Corncl.
944 851 1023 934 Nep.
1047 852 1080 911 in
1140 884 1144 896 ·

74 968 210 1030 'l'irnotlu
242 988 306 1048 cap.
327 988 352 1029 1.
395 961 636 1024 Timotheus-
658 937 743 1022 ciues
773 983 849 1023 suos
881 985 960 1047 agro
988 974 1080 1047 atqua

75 1081 208 1142 urbibus
227 1077 343 1163 augeri
363 1075 489 1152 maluit,
521 1047 613 1158 quarn
634 1074 667 1135 id
687 1094 820 1150 sumere,
849 1075 936 1158 cujus
961 1091 1080 1161 partem

77 1198 200 1257 domum
221 1214 310 1252 snam
338 1191 379 1260 (i.
398 1210 424 1252 c.
449 1191 492 1262 εἰς
514 1187 574 1254 τὸν
589 1187 686 1251 ’ἴδιον
716 1188 828 1258 οἶκον)
855 1184 938 1248 ferre
965 1200 1080 1271 posset.

77 1308 118 1370 ad
145 1327 235 1390 quem
267 1305 370 1363 locum
399 1299 438 1363 cf.
464 1298 579 1362 Bremi.
622 1298 686 1362 Cic.
715 1299 748 1360 in
779 1298 908 1362 Verrem
936 1315 992 1366 act.
1022 1324 1079 1367 aec.

76 1420 131 1482 lib.
144 1419 199 1494 lV,
221 1418 313 1484 ehu:
353 1413 520 1474 Marcellus
538 1413 723 1496 -putarit,
745 1412 770 1473 si
791 1412 880 1473 urbis
902 1426 1096 1476 ornamento·

57 1522 199 1594 ‘domum
219 1551 307 1591 suam
328 1548 392 1587 non
415 1524 612 1601 contulisset,
640 1527 765 1586 domum
790 1538 1081 1589 suamvornamento

75 1649 146 1707 urbi
171 1645 315 1704 futuram.
360 1639 443 1699 ldem
471 1637 508 1698 tle
535 1638 668 1722 Republ.
697 1639 752 1701 lib.
769 1637 814 1715 ll,
842 1658 868 1701 c.
886 1659 921 1721 9:
964 1638 1081 1701 Romu-

75 1760 125 1820 lus
148 1793 184 1805 -
208 1778 302 1838 quum
322 1752 387 1834 ipse
413 1750 492 1811 nihil
513 1772 548 1811 ex
568 1752 681 1834 praeda
708 1753 830 1812 domum
857 1772 946 1812 suam
974 1773 1081 1835 repor-

78 1882 173 1945 taret,
206 1866 394 1949 locupletare
422 1863 506 1924 c'iuec
527 1884 592 1924 nou
618 1863 744 1927 destitit.
786 1863 879 1946 Apud
902 1864 1082 1926 Demosthe·
1168 1945 1172 1956 ¹

77 2007 146 2046 narn
166 2005 196 2064 p.
206 1978 281 2050 5622:
303 1980 419 2044 πάντα
437 1982 470 2043 ἐκ
485 1985 567 2044 τῶν
588 1977 707 2043 ἰδίων
729 1976 850 2043 οἴκων
868 1981 1082 2061 ἐδαπανῶμεν

78 2120 143 2157 non
171 2093 301 2155 debebat
320 2091 481 2152 Belrlrarna
503 2089 655 2151 ‘codicum
686 2090 819 2165 duorum
847 2111 946 2173 neque
973 2111 1081 2161 eorum

77 2211 235 2272 bonorum
257 2205 334 2278 (ltr.)
365 2202 546 2266 auctoritate
573 2202 662 2264 nucis
691 2217 798 2266 notare
827 2203 955 2264 verbum
975 2206 1080 2268 oluere.

78 2320 219 2403 Thucyd.
238 2316 328 2394 Vlll,
352 2316 407 2379 65:
442 2317 604 2400 εἰσφέρειν
634 2319 756 2392 αὐτοὺς
787 2321 820 2382 ἐκ
850 2310 1081 2405 τ’ῶνιῑδίων

78 2435 203 2497 οἴκων
225 2432 399 2513 προθύμως
419 2429 575 2514 χρήματα
599 2432 656 2495 καὶ
675 2430 712 2507 ἤν
732 2458 768 2494 τι
790 2431 873 2496 ἄλλο
897 2431 960 2514 δέῃ.
1002 2430 1082 2491 Pha-

76 2549 132 2610 lar.
156 2538 224 2629 epp.
246 2543 363 2627 poet:
387 2547 420 2608 ἐκ
442 2554 521 2612 τῶν
544 2547 663 2611 ἰδίων
685 2545 808 2611 οἴκων
831 2544 1004 2627 εἰσφέρειν.

158 2659 194 2720 ln
214 2654 366 2718 Dinarchi
395 2656 590 2720 orationibus
620 2657 700 2718 mira
728 2657 860 2740 quadam
879 2656 1082 2719 librariorum

76 2769 266 2858 negligentia
279 2779 309 2829 et
328 2768 532 2853 incogitantia
545 2770 660 2832 facturn
674 2781 734 2846 eet,
755 2782 791 2829 ut
810 2771 958 2833 nonnulla
974 2753 1083 2846 rerba,¹

77 2906 156 2968 quae
179 2883 304 2943 maxima
326 2893 396 2942 suut
417 2883 589 2945 necessaria
610 2882 650 2943 ad
672 2867 870 2960 senteutiam,
902 2881 1081 2944 omitteren-

77 3013 144 3072 tur,
167 2997 243 3072 alia,
263 3015 341 3078 quae
361 3016 424 3055 non
446 2996 539 3057 modo
560 3017 625 3055 non
646 2995 815 3056 necessaria
832 3007 863 3058 et
883 3015 1081 3077 supervacua,
1097 3056 1116 3062 ..

79 3111 131 3171 scd
153 3109 244 3170 etiam
265 3107 366 3169 aliena
387 3120 459 3168 sunt
479 3108 635 3170 aratione
657 3107 872 3192 grammatica,
892 3087 1082 3169 inculcaren-

78 3235 138 3284 tur.
173 3206 296 3282 Omissa
317 3233 388 3282 sunt
408 3243 438 3304 p.
449 3219 478 3285 5.
500 3235 572 3305 post
592 3222 733 3311 πατρίδι
752 3220 943 3305 praepositio
967 3224 1009 3284 δι’
1023 3220 1043 3284 i.
1054 3242 1080 3283 a.
1115 3262 1118 3269 «

78 3337 144 3399 διά.
167 3334 242 3418 p.5=
273 3345 442 3419 προορῶσα
459 3341 477 3412 ἡ
498 3336 596 3420 βουλὴ
617 3370 658 3426 ή-
678 3336 738 3410 cclv
759 3341 886 3417 coccos
909 3337 1004 3420 ἰσχὺν
1026 3337 1084 3397 καὶ

78 3455 138 3526 τὴν
161 3456 193 3515 ἐν
207 3459 256 3531 τῷ
274 3450 380 3532 λέγειν
404 3424 640 3534 interpoletur
663 3451 815 3534 δύναμιν.
837 3447 921 3512 deest
940 3452 1084 3533 δύναμιν

78 3566 109 3625 in
126 3565 193 3626 edel.
217 3563 300 3647 vulg.
320 3573 350 3622 et
368 3562 400 3622 in
418 3563 508 3626 codd.
530 3562 603 3626 Lz.
625 3585 656 3647 p.
671 3584 721 3625 rr:
745 3564 800 3628 ὅτι
820 3567 960 3649 χρήματ’
982 3563 1082 3638 αὐτὸς

12 3709 15 3715 ·
79 3678 139 3762 ἔφη
167 3680 259 3762 παρὰ
286 3677 365 3760 χέων
386 3678 614 3761 -εἰληφέναι
643 3676 756 3740 excidit
785 3674 915 3738 fortasse
935 3679 1083 3760 Ἀριστο-

78 3800 148 3875 φῶν
177 3811 205 3852 v.
228 3789 325 3852 Βοιὼ.
347 3793 535 3873 p.15=oco’
557 3793 703 3876 οἰόμενος
729 3794 798 3854 δεῖν
821 3792 898 3865 τοὺς
918 3791 1082 3872 ὀμωμοκό-

78 3929 140 3978 τας
164 3906 254 3966 κατὰ
275 3905 353 3978 τοὺς
374 3905 616 3987 νόμουςρῖσειν
638 3907 698 3980 τὴν
719 3897 827 3988 ψῆφον
849 3938 889 3950 -·
911 3904 984 3965 ἀλλ’
1004 3907 1081 3964 ὑπο-

78 4019 179 4100 μένων
202 4019 259 4079 καὶ
280 4018 453 4100 κρίνεσθαι
467 4030 522 4082 etc.
552 4031 624 4103 post
642 4027 750 4102 ψῆφον
771 4012 909 4080 Wollius
931 4013 1080 4076 excidisse

76 4129 196 4214 putavit
229 4135 411 4212 ἐπιορκεῖν,
446 4152 525 4214 quac
558 4132 722 4217 ingeniosa
757 4126 868 4190 Wollii
901 4112 1081 4211 conjectura
