2618 4626
553 348 818 428 -126-

181 558 274 637 mn,
294 579 326 646 p.
334 557 406 624 558.
434 555 625 643 significatio
655 558 721 645 ejus
743 556 829 621 serbi
856 568 927 642 epta
957 556 1042 622 huic
1066 559 1140 622 loco
1157 561 1193 622 in

179 675 333 739 veniatur.
374 669 512 756 Lycurg.
532 668 566 733 in
586 670 730 734 [reuocet.
750 694 781 757 p.
796 669 871 735 1382
903 675 921 735 ὁ
943 672 1192 756 νόμοςπέφινι

138 810 141 817 ’
179 788 371 872 προλέγειν,
400 781 488 866 ἀρὴ
509 782 558 846 δεῖ
581 784 753 858 πράττειν.
797 783 961 847 ὓεεαοιιέι.
994 805 1028 868 p.
1051 787 1152 850 1323:
1178 792 1190 851 ὁ

178 903 279 985 νόμος
301 900 396 976 οὗτος
415 931 457 944 -
477 909 549 972 τοῖς
571 897 841 983 προαιρουμένοις
862 898 1110 982 ἢγράφεσθαι
1129 925 1190 986 γρα-

179 1014 426 1101 φὰςῆφαύνειν
439 1011 456 1086 ἢ
469 1008 554 1074 ἄλλο
576 1037 614 1074 τι
633 1022 743 1075 ποιεῖν
765 1018 832 1075 τῦν
853 1015 887 1077 έν
904 1021 955 1096 τῷ
974 1015 1074 1099 νόμῳ
1095 1019 1190 1100 τούτῳ

178 1134 409 1213 γεγραμμένον
429 1125 581 1223 προλέγει
600 1125 786 1208 διαρῥήδην,
809 1125 859 1209 ἐφ’
875 1126 925 1201 οἷς
948 1125 1109 1195 ἕκαστόν
1131 1135 1189 1195 ἐστι

149 1304 152 1313 ,
178 1243 307 1308 τούτων
328 1238 492 1316 ποιητέον.
526 1234 617 1297 Plato
633 1236 671 1298 (le
682 1235 784 1321 [segg.
793 1236 835 1315 V,
856 1238 1021 1323 p.7l‚1,bs
1046 1251 1101 1326 τῷ
1113 1244 1188 1337 άπερ

178 1360 301 1421 δοῦντι
322 1355 421 1436 νόμος
441 1350 671 1438 προστάττει,
693 1353 858 1434 προειπὼν
880 1354 931 1418 ἐπὶ
956 1356 1108 1431 τούτοις
1129 1361 1188 1430 ελεγ

179 1471 326 1550 pusicius
354 1468 415 1530 τὸν
447 1468 611 1531 ἐθέλοντα
640 1463 658 1538 ἢ
687 1462 729 1547 μὴ
754 1467 959 1548 κληροῦσθαι
982 1501 1037 1532 -.
1075 1467 1119 1532 ef.
1142 1470 1189 1531 lle·

179 1579 292 1644 musth.
313 1599 424 1662 p.7as.
452 1575 486 1636 in
507 1575 555 1637 his
574 1576 744 1662 προλέγειν
773 1588 819 1638 εει
839 1576 1040 1661 praedicere,
1071 1581 1189 1666 praesti·

177 1705 282 1769 tuere,
309 1690 505 1775 praecipere,
533 1708 677 1763 monere3
705 1686 865 1773 Ioniusque
891 1702 937 1752 est
958 1690 1025 1755 hoc
1055 1699 1190 1771 verbum,

177 1826 271 1890 quem
309 1805 555 1888 προστάττειν,
594 1803 757 1879 κελεύειν,
794 1804 1038 1888 ἀπαγορεύειν,
1085 1809 1191 1892 quibus

174 1916 281 1981 verbis
305 1916 339 1978 in
367 1916 425 1979 hac
454 1936 488 1983 se
515 1911 690 1999 saepissime
716 1915 818 1978 solent
838 1917 893 1978 nti.

259 2028 381 2093 Deinde
406 2028 537 2112 pluralis
557 2033 590 2093 oi
610 2027 707 2112 νόμοι
736 2047 801 2088 non
828 2039 874 2090 est
892 2027 941 2089 lex
961 2028 1084 2114 aliqua
1106 2044 1192 2107 certa,

175 2154 212 2205 ut
231 2141 332 2206 visum
360 2153 405 2204 est
426 2139 661 2216 Schoemannn,
678 2139 743 2202 ·se‹l
762 2139 849 2226 leges
876 2138 1140 2226 (significatione
1157 2144 1194 2206 la·

176 2254 271 2328 tiore)
293 2256 313 2317 i.
330 2277 355 2318 ε.
376 2255 425 2332 id,
448 2254 534 2338 quod
554 2251 700 2316 convenit
720 2264 813 2335 atque
833 2249 1039 2336 conjunctum
1066 2270 1119 2318 est
1133 2278 1193 2318 com

175 2367 300 2430 ratione
319 2366 424 2452 legum
443 2365 664 2428 instituturum.
692 2363 735 2427 Et
755 2385 790 2425 ex
809 2363 906 2425 verbo
927 2370 1191 2448 τοᾷ-ἀξιοῦντι

175 2477 210 2542 id
230 2493 277 2542 est
297 2476 413 2562 siquis
433 2477 556 2563 cupiat,
577 2475 666 2541 facile
686 2474 893 2561 intelligitur,
912 2496 976 2540 uon
1000 2477 1110 2545 fuisse
1132 2483 1192 2568 lege

176 2591 282 2675 aliqua
301 2602 443 2668 centnm,
470 2590 601 2674 nequis
623 2589 663 2650 ad
682 2590 903 2678 rempublicam
925 2590 1117 2670 accederet,
1145 2593 1192 2678 qni

174 2703 284 2766 liberis
311 2714 497 2766 careretetc.
540 2702 604 2764 Has
633 2700 675 2764 ub
702 2722 824 2765 caussas
852 2725 918 2766 non
948 2702 1083 2783 omnia,
1118 2726 1189 2790 quae

175 2798 299 2901 scripsit
326 2815 556 2878 Schoemannus
586 2815 624 2878 de
662 2835 698 2877 ea
730 2835 764 2876 re
792 2816 825 2876 in
853 2816 936 2878 libro
966 2814 1009 2878 de·
1038 2816 1188 2881 Comitiis

174 2927 412 2991 Atheniensium
432 2952 464 3013 p.
483 2950 549 2993 ιιι.
571 2941 601 2992 et
625 2931 692 2993 113.
725 2926 903 3014 probabilia
925 2926 1004 2989 mihi
1027 2929 1186 2993 sidentur.

135 3044 145 3065 '
175 3039 308 3124 Scripsit
334 3054 448 3104 autem:
491 3042 698 3120 „Voluerunt
724 3062 799 3118 eos,
836 3040 891 3125 qui
919 3041 1032 3127 populi
1066 3042 1136 3105 fide
1161 3053 1186 3104 et

115 3132 119 3140 ¹
173 3151 299 3237 publica
329 3153 510 3218 auctoritate
542 3156 631 3242 (ligni
661 3153 759 3218 rideri
784 3152 915 3230 vellent,
948 3151 1184 3215 matrimonium

174 3251 295 3326 nullum
313 3269 519 3348 contraxisse,
548 3269 634 3355 quod
654 3288 717 3330 non
748 3281 827 3330 esset
844 3266 1036 3352 legitimum,
1061 3280 1097 3329 et
1119 3265 1184 3328 fun·

94 3464 97 3471 .
173 3377 233 3440 (los
258 3375 487 3445 intraAtticse
517 3380 596 3446 fines
623 3379 793 3465 possidere.
834 3370 996 3443 Laudatur
1029 3376 1183 3464 ejusmodi

173 3490 259 3553 lexa
280 3487 453 3571 Dinarcho,
476 3495 531 3557 sed
551 3495 605 3572 ita,
627 3507 662 3555 nt
676 3494 759 3556 haud
779 3490 868 3554 facile
887 3491 1056 3590 intelliges,
1079 3504 1182 3553 utrum

174 3623 282 3667 omnes
303 3604 447 3679 omnino,
469 3604 525 3690 qui
545 3605 580 3668 iu
600 3604 736 3670 comitiis
756 3606 851 3668 rerba
872 3604 1000 3679 facient,
1026 3624 1062 3665 ee
1083 3602 1182 3666 teneri

173 3713 273 3792 dicat,
297 3737 340 3780 an
360 3716 466 3802 potius
494 3719 588 3782 rerba
615 3718 686 3781 illu:
715 3727 761 3803 τῷ
778 3722 892 3804 ῥήτορι
920 3718 979 3794 τὴν
1001 3717 1099 3796 παρὰ
1121 3722 1183 3781 τοῦ

174 3830 277 3912 δήμου
296 3833 415 3895 πύστιν
437 3812 590 3909 ἀξιοῦντι
614 3837 748 3918 λαβεῖν,
769 3831 813 3895 ita
834 3827 1011 3914 accipienda
1033 3827 1119 3903 sint,
1148 3837 1182 3887 ut

174 3933 376 4029 designentur
402 3943 445 4021 ii,
479 3947 533 4028 qui
560 3966 685 4009 munere
712 3946 817 4030 aliquo
845 3941 988 4028 publico,
1019 3939 1181 4025 legatione

172 4066 248 4137 puta
275 4054 326 4120 vel
351 4056 496 4140 publicas
525 4080 633 4126 musae
659 4056 838 4146 patrocinio
862 4055 995 4141 aliisque
1023 4051 1181 4117 similibus
