<?xml version="1.0" encoding="UTF-8"?>
<!DOCTYPE html PUBLIC "-//W3C//DTD XHTML 1.0 Transitional//EN"
    "http://www.w3.org/TR/xhtml1/DTD/xhtml1-transitional.dtd">
<html xmlns="http://www.w3.org/1999/xhtml" xml:lang="en" lang="en">
 <head>
  <title>
</title>
<meta http-equiv="Content-Type" content="text/html;charset=utf-8" />
  <meta name='ocr-system' content='tesseract 3.04.00' />
  <meta name='ocr-capabilities' content='ocr_page ocr_carea ocr_par ocr_line ocrx_word'/>
</head>
<body>
  <div class='ocr_page' id='page_1' title='image "./commentariusind00wurmgoog_0016.png"; bbox 0 0 2618 4626; ppageno 0'>
   <div class='ocr_carea' id='block_1_1' title="bbox 436 418 697 468">
    <p class='ocr_par' dir='ltr' id='par_1_1' title="bbox 436 418 697 468">
     <span class='ocr_line' id='line_1_1' title="bbox 436 418 697 468; baseline -0.015 0"><span class='ocrx_word' id='word_1_1' title='bbox 436 434 486 449; x_wconf 89' lang='lat'>··</span> <span class='ocrx_word' id='word_1_2' title='bbox 534 418 592 468; x_wconf 84' lang='lat' dir='ltr'>vn</span> <span class='ocrx_word' id='word_1_3' title='bbox 642 423 697 450; x_wconf 77' lang='lat'>-&#39;</span> 
     </span>
    </p>
   </div>
   <div class='ocr_carea' id='block_1_2' title="bbox 53 596 1111 3769">
    <p class='ocr_par' dir='ltr' id='par_1_2' title="bbox 53 596 1111 3769">
     <span class='ocr_line' id='line_1_2' title="bbox 54 596 1061 709; baseline -0.008 -23"><span class='ocrx_word' id='word_1_4' title='bbox 54 602 304 709; x_wconf 77' lang='lat' dir='ltr'>superiorum</span> <span class='ocrx_word' id='word_1_5' title='bbox 316 600 664 691; x_wconf 70' lang='lat' dir='ltr'>animadversiones</span> <span class='ocrx_word' id='word_1_6' title='bbox 682 603 834 697; x_wconf 77' lang='lat' dir='ltr'>adiecit,</span> <span class='ocrx_word' id='word_1_7' title='bbox 858 596 1061 680; x_wconf 81' lang='lat' dir='ltr'>sedetiam</span> 
     </span>
     <span class='ocr_line' id='line_1_3' title="bbox 53 729 1062 836; baseline -0.004 -25"><span class='ocrx_word' id='word_1_8' title='bbox 53 741 144 836; x_wconf 89' lang='lat' dir='ltr'>ipse</span> <span class='ocrx_word' id='word_1_9' title='bbox 169 749 350 833; x_wconf 77' lang='lat' dir='ltr'>quaerat</span> <span class='ocrx_word' id='word_1_10' title='bbox 373 729 588 807; x_wconf 81' lang='lat' dir='ltr'>admirabili</span> <span class='ocrx_word' id='word_1_11' title='bbox 617 735 757 807; x_wconf 87' lang='lat' dir='ltr'>mentis</span> <span class='ocrx_word' id='word_1_12' title='bbox 781 734 866 807; x_wconf 83' lang='lat' dir='ltr'>acie</span> <span class='ocrx_word' id='word_1_13' title='bbox 897 732 1062 829; x_wconf 86' lang='lat' dir='ltr'>plurima</span> 
     </span>
     <span class='ocr_line' id='line_1_4' title="bbox 55 854 1063 961; baseline -0.004 -22"><span class='ocrx_word' id='word_1_14' title='bbox 55 860 199 939; x_wconf 84' lang='lat' dir='ltr'>mendo</span> <span class='ocrx_word' id='word_1_15' title='bbox 223 886 246 936; x_wconf 89' lang='lat' dir='ltr'>a</span> <span class='ocrx_word' id='word_1_16' title='bbox 270 860 433 934; x_wconf 84' lang='lat' dir='ltr'>librariis</span> <span class='ocrx_word' id='word_1_17' title='bbox 456 854 632 961; x_wconf 73' lang='lat' dir='ltr'>profecta</span> <span class='ocrx_word' id='word_1_18' title='bbox 660 862 905 954; x_wconf 77' lang='lat' dir='ltr'>investigavit</span> <span class='ocrx_word' id='word_1_19' title='bbox 936 881 1063 959; x_wconf 90' lang='lat' dir='ltr'>eaque</span> 
     </span>
     <span class='ocr_line' id='line_1_5' title="bbox 56 988 1072 1082; baseline -0.004 -17"><span class='ocrx_word' id='word_1_20' title='bbox 56 1006 127 1067; x_wconf 87' lang='lat' dir='ltr'>aot</span> <span class='ocrx_word' id='word_1_21' title='bbox 149 991 320 1067; x_wconf 82' lang='lat' dir='ltr'>correxit</span> <span class='ocrx_word' id='word_1_22' title='bbox 342 1001 407 1061; x_wconf 90' lang='lat' dir='ltr'>aut</span> <span class='ocrx_word' id='word_1_23' title='bbox 436 990 601 1075; x_wconf 81' lang='lat' dir='ltr'>notavit3</span> <span class='ocrx_word' id='word_1_24' title='bbox 634 1008 794 1082; x_wconf 85' lang='lat' dir='ltr'>magnae</span> <span class='ocrx_word' id='word_1_25' title='bbox 820 991 933 1061; x_wconf 87' lang='lat' dir='ltr'>etiam</span> <span class='ocrx_word' id='word_1_26' title='bbox 960 988 1072 1062; x_wconf 91' lang='lat' dir='ltr'>utili-·</span> 
     </span>
     <span class='ocr_line' id='line_1_6' title="bbox 53 1112 1062 1215; baseline -0.004 -20"><span class='ocrx_word' id='word_1_27' title='bbox 53 1121 260 1195; x_wconf 88' lang='lat' dir='ltr'>tatis-sunt</span> <span class='ocrx_word' id='word_1_28' title='bbox 291 1114 439 1190; x_wconf 89' lang='lat' dir='ltr'>indices</span> <span class='ocrx_word' id='word_1_29' title='bbox 479 1137 605 1191; x_wconf 85' lang='lat' dir='ltr'>rerum</span> <span class='ocrx_word' id='word_1_30' title='bbox 638 1129 678 1190; x_wconf 89' lang='lat' dir='ltr'>et</span> <span class='ocrx_word' id='word_1_31' title='bbox 707 1112 928 1200; x_wconf 88' lang='lat' dir='ltr'>verborum,</span> <span class='ocrx_word' id='word_1_32' title='bbox 947 1139 1062 1215; x_wconf 75' lang='lat' dir='ltr'>¹quos</span> 
     </span>
     <span class='ocr_line' id='line_1_7' title="bbox 59 1239 1070 1347; baseline -0.005 -27"><span class='ocrx_word' id='word_1_33' title='bbox 59 1249 199 1347; x_wconf 82' lang='lat' dir='ltr'>partim</span> <span class='ocrx_word' id='word_1_34' title='bbox 223 1249 320 1344; x_wconf 53' lang='lat' dir='ltr'>ipsex</span> <span class='ocrx_word' id='word_1_35' title='bbox 339 1239 510 1317; x_wconf 84' lang='lat' dir='ltr'>confecit</span> <span class='ocrx_word' id='word_1_36' title='bbox 531 1244 670 1340; x_wconf 83' lang='lat' dir='ltr'>partim</span> <span class='ocrx_word' id='word_1_37' title='bbox 695 1241 744 1318; x_wconf 90' lang='lat' dir='ltr'>ab</span> <span class='ocrx_word' id='word_1_38' title='bbox 775 1242 861 1317; x_wconf 89' lang='lat' dir='ltr'>aliis</span> <span class='ocrx_word' id='word_1_39' title='bbox 890 1256 950 1319; x_wconf 86' lang='lat' dir='ltr'>est</span> <span class='ocrx_word' id='word_1_40' title='bbox 983 1267 1070 1316; x_wconf 78' lang='lat' dir='ltr'>mu·</span> 
     </span>
     <span class='ocr_line' id='line_1_8' title="bbox 59 1369 1064 1469; baseline -0.005 -19"><span class='ocrx_word' id='word_1_41' title='bbox 59 1386 198 1450; x_wconf 86' lang='lat' dir='ltr'>tuatus.</span> <span class='ocrx_word' id='word_1_42' title='bbox 263 1370 407 1469; x_wconf 76' lang='lat' dir='ltr'>Nostra</span> <span class='ocrx_word' id='word_1_43' title='bbox 440 1385 545 1444; x_wconf 87' lang='lat' dir='ltr'>aetas</span> <span class='ocrx_word' id='word_1_44' title='bbox 588 1369 682 1444; x_wconf 91' lang='lat' dir='ltr'>duas</span> <span class='ocrx_word' id='word_1_45' title='bbox 720 1371 823 1446; x_wconf 88' lang='lat' dir='ltr'>vidit·</span> <span class='ocrx_word' id='word_1_46' title='bbox 860 1370 1064 1460; x_wconf 79' lang='lat' dir='ltr'>editiones,</span> 
     </span>
     <span class='ocr_line' id='line_1_9' title="bbox 56 1492 1070 1603; baseline -0.001 -30"><span class='ocrx_word' id='word_1_47' title='bbox 56 1496 231 1603; x_wconf 79' lang='lat' dir='ltr'>quarum¹</span> <span class='ocrx_word' id='word_1_48' title='bbox 256 1496 414 1573; x_wconf 90' lang='lat' dir='ltr'>alteram</span> <span class='ocrx_word' id='word_1_49' title='bbox 451 1501 553 1597; x_wconf 87' lang='lat' dir='ltr'>typis</span> <span class='ocrx_word' id='word_1_50' title='bbox 588 1496 881 1573; x_wconf 85' lang='lat' dir='ltr'>describendam</span> <span class='ocrx_word' id='word_1_51' title='bbox 915 1492 1070 1575; x_wconf 80' lang='lat' dir='ltr'>curavit·</span> 
     </span>
     <span class='ocr_line' id='line_1_10' title="bbox 56 1625 1065 1731; baseline -0.009 -25"><span class='ocrx_word' id='word_1_52' title='bbox 56 1628 294 1727; x_wconf 82' lang='lat' dir='ltr'>Neophytus</span> <span class='ocrx_word' id='word_1_53' title='bbox 317 1625 462 1731; x_wconf 82' lang='lat' dir='ltr'>Duces,</span> <span class='ocrx_word' id='word_1_54' title='bbox 486 1625 537 1702; x_wconf 89' lang='lat' dir='ltr'>de</span> <span class='ocrx_word' id='word_1_55' title='bbox 561 1648 649 1726; x_wconf 88' lang='lat' dir='ltr'>qua,</span> <span class='ocrx_word' id='word_1_56' title='bbox 675 1648 793 1724; x_wconf 91' lang='lat' dir='ltr'>quum</span> <span class='ocrx_word' id='word_1_57' title='bbox 818 1629 860 1698; x_wconf 91' lang='lat' dir='ltr'>in</span> <span class='ocrx_word' id='word_1_58' title='bbox 878 1627 951 1699; x_wconf 87' lang='lat' dir='ltr'>hac</span> <span class='ocrx_word' id='word_1_59' title='bbox 969 1626 1065 1700; x_wconf 87' lang='lat' dir='ltr'>urbe</span> 
     </span>
     <span class='ocr_line' id='line_1_11' title="bbox 57 1746 1066 1850; baseline -0.006 -21"><span class='ocrx_word' id='word_1_60' title='bbox 57 1746 142 1829; x_wconf 87' lang='lat' dir='ltr'>non</span> <span class='ocrx_word' id='word_1_61' title='bbox 158 1756 397 1842; x_wconf 83' lang='lat' dir='ltr'>invenerim,</span> <span class='ocrx_word' id='word_1_62' title='bbox 422 1758 641 1830; x_wconf 86' lang='lat' dir='ltr'>existimare</span> <span class='ocrx_word' id='word_1_63' title='bbox 666 1776 747 1839; x_wconf 85' lang='lat' dir='ltr'>non</span> <span class='ocrx_word' id='word_1_64' title='bbox 768 1777 924 1850; x_wconf 90' lang='lat' dir='ltr'>possum</span> <span class='ocrx_word' id='word_1_65' title='bbox 937 1756 989 1842; x_wconf 80' lang='lat'>*);</span> <span class='ocrx_word' id='word_1_66' title='bbox 1013 1753 1066 1826; x_wconf 90' lang='lat' dir='ltr'>al·</span> 
     </span>
     <span class='ocr_line' id='line_1_12' title="bbox 60 1872 1068 1978; baseline -0.007 -17"><span class='ocrx_word' id='word_1_67' title='bbox 60 1900 180 1961; x_wconf 81' lang='lat' dir='ltr'>terem</span> <span class='ocrx_word' id='word_1_68' title='bbox 207 1872 405 1957; x_wconf 83' lang='lat' dir='ltr'>Bekkerus</span> <span class='ocrx_word' id='word_1_69' title='bbox 431 1883 554 1957; x_wconf 90' lang='lat' dir='ltr'>edidit</span> <span class='ocrx_word' id='word_1_70' title='bbox 586 1882 706 1955; x_wconf 89' lang='lat' dir='ltr'>homo</span> <span class='ocrx_word' id='word_1_71' title='bbox 736 1884 1068 1978; x_wconf 84' lang='lat' dir='ltr'>ingeniosissimus</span> 
     </span>
     <span class='ocr_line' id='line_1_13' title="bbox 56 2009 1068 2107; baseline -0.007 -20"><span class='ocrx_word' id='word_1_72' title='bbox 56 2012 417 2107; x_wconf 85' lang='lat' dir='ltr'>scientissimusque</span> <span class='ocrx_word' id='word_1_73' title='bbox 443 2011 595 2106; x_wconf 80' lang='lat' dir='ltr'>linguae</span> <span class='ocrx_word' id='word_1_74' title='bbox 614 2009 785 2085; x_wconf 80' lang='lat' dir='ltr'>Graecae</span> <span class='ocrx_word' id='word_1_75' title='bbox 802 2034 891 2085; x_wconf 92' lang='lat' dir='ltr'>cum</span> <span class='ocrx_word' id='word_1_76' title='bbox 917 2012 1068 2083; x_wconf 87' lang='lat' dir='ltr'>univer·</span> 
     </span>
     <span class='ocr_line' id='line_1_14' title="bbox 56 2135 1069 2235; baseline -0.002 -24"><span class='ocrx_word' id='word_1_77' title='bbox 56 2140 130 2212; x_wconf 84' lang='lat' dir='ltr'>sae&#39;</span> <span class='ocrx_word' id='word_1_78' title='bbox 152 2149 231 2208; x_wconf 89' lang='lat' dir='ltr'>tum</span> <span class='ocrx_word' id='word_1_79' title='bbox 256 2140 464 2235; x_wconf 87' lang='lat' dir='ltr'>praecipue</span> <span class='ocrx_word' id='word_1_80' title='bbox 482 2138 771 2212; x_wconf 89' lang='lat' dir='ltr'>consuetudinis</span> <span class='ocrx_word' id='word_1_81' title='bbox 788 2140 955 2211; x_wconf 90' lang='lat' dir='ltr'>Atticae.</span> <span class='ocrx_word' id='word_1_82' title='bbox 993 2135 1069 2209; x_wconf 91' lang='lat' dir='ltr'>Hic</span> 
     </span>
     <span class='ocr_line' id='line_1_15' title="bbox 58 2260 1111 2363; baseline -0.003 -24"><span class='ocrx_word' id='word_1_83' title='bbox 58 2260 208 2339; x_wconf 80' lang='lat' dir='ltr'>summu</span> <span class='ocrx_word' id='word_1_84' title='bbox 243 2286 334 2337; x_wconf 86' lang='lat' dir='ltr'>cura</span> <span class='ocrx_word' id='word_1_85' title='bbox 373 2279 413 2339; x_wconf 90' lang='lat' dir='ltr'>et</span> <span class='ocrx_word' id='word_1_86' title='bbox 442 2265 645 2362; x_wconf 85' lang='lat' dir='ltr'>diligentia</span> <span class='ocrx_word' id='word_1_87' title='bbox 683 2264 839 2338; x_wconf 90' lang='lat' dir='ltr'>codices</span> <span class='ocrx_word' id='word_1_88' title='bbox 881 2265 1067 2363; x_wconf 87' lang='lat' dir='ltr'>plurimos</span> <span class='ocrx_word' id='word_1_89' title='bbox 1107 2304 1111 2314; x_wconf 95' lang='lat'>·</span> 
     </span>
     <span class='ocr_line' id='line_1_16' title="bbox 60 2392 1093 2490; baseline 0.003 -27"><span class='ocrx_word' id='word_1_90' title='bbox 60 2392 361 2489; x_wconf 84' lang='lat' dir='ltr'>pervestigavit,</span> <span class='ocrx_word' id='word_1_91' title='bbox 409 2398 570 2483; x_wconf 89' lang='lat' dir='ltr'>omnia,</span> <span class='ocrx_word' id='word_1_92' title='bbox 618 2397 659 2466; x_wconf 92' lang='lat' dir='ltr'>in</span> <span class='ocrx_word' id='word_1_93' title='bbox 703 2392 842 2490; x_wconf 92' lang='lat' dir='ltr'>quibus</span> <span class='ocrx_word' id='word_1_94' title='bbox 885 2394 988 2466; x_wconf 87' lang='lat' dir='ltr'>inter</span> <span class='ocrx_word' id='word_1_95' title='bbox 1028 2408 1093 2466; x_wconf 86' lang='lat' dir='ltr'>se·</span> 
     </span>
     <span class='ocr_line' id='line_1_17' title="bbox 60 2516 1069 2617; baseline -0.001 -26"><span class='ocrx_word' id='word_1_96' title='bbox 60 2516 350 2617; x_wconf 87' lang='lat' dir='ltr'>discreparent,</span> <span class='ocrx_word' id='word_1_97' title='bbox 381 2523 421 2592; x_wconf 89' lang='lat' dir='ltr'>in</span> <span class='ocrx_word' id='word_1_98' title='bbox 447 2522 656 2598; x_wconf 86' lang='lat' dir='ltr'>editionem</span> <span class='ocrx_word' id='word_1_99' title='bbox 682 2543 788 2596; x_wconf 88' lang='lat' dir='ltr'>suam</span> <span class='ocrx_word' id='word_1_100' title='bbox 818 2521 1069 2616; x_wconf 86' lang='lat' dir='ltr'>transcripsit,</span> 
     </span>
     <span class='ocr_line' id='line_1_18' title="bbox 60 2645 1071 2744; baseline -0.001 -24"><span class='ocrx_word' id='word_1_101' title='bbox 60 2666 254 2743; x_wconf 74' lang='lat' dir='ltr'>coquere</span> <span class='ocrx_word' id='word_1_102' title='bbox 278 2651 484 2723; x_wconf 81' lang='lat' dir='ltr'>maximum</span> <span class='ocrx_word' id='word_1_103' title='bbox 519 2651 781 2744; x_wconf 87' lang='lat' dir='ltr'>adjumentum</span> <span class='ocrx_word' id='word_1_104' title='bbox 811 2645 1071 2721; x_wconf 89' lang='lat' dir='ltr'>subministra·</span> 
     </span>
     <span class='ocr_line' id='line_1_19' title="bbox 60 2774 1073 2879; baseline 0.001 -32"><span class='ocrx_word' id='word_1_105' title='bbox 60 2776 117 2879; x_wconf 86' lang='lat' dir='ltr'>vit</span> <span class='ocrx_word' id='word_1_106' title='bbox 148 2774 218 2861; x_wconf 84' lang='lat' dir='ltr'>iis,</span> <span class='ocrx_word' id='word_1_107' title='bbox 255 2778 322 2873; x_wconf 89' lang='lat' dir='ltr'>qui</span> <span class='ocrx_word' id='word_1_108' title='bbox 360 2777 546 2877; x_wconf 89' lang='lat' dir='ltr'>deinceps</span> <span class='ocrx_word' id='word_1_109' title='bbox 578 2778 654 2850; x_wconf 93' lang='lat' dir='ltr'>hoc</span> <span class='ocrx_word' id='word_1_110' title='bbox 691 2775 795 2849; x_wconf 86' lang='lat' dir='ltr'>idern</span> <span class='ocrx_word' id='word_1_111' title='bbox 835 2797 972 2847; x_wconf 88' lang='lat' dir='ltr'>munus</span> <span class='ocrx_word' id='word_1_112' title='bbox 1005 2786 1073 2849; x_wconf 85' lang='lat' dir='ltr'>aut</span> 
     </span>
     <span class='ocr_line' id='line_1_20' title="bbox 62 2901 1072 3002; baseline 0.001 -28"><span class='ocrx_word' id='word_1_113' title='bbox 62 2917 317 2997; x_wconf 88' lang='lat' dir='ltr'>susceperunt</span> <span class='ocrx_word' id='word_1_114' title='bbox 340 2919 405 2978; x_wconf 89' lang='lat' dir='ltr'>aut</span> <span class='ocrx_word' id='word_1_115' title='bbox 429 2906 642 3002; x_wconf 83' lang='lat' dir='ltr'>suscepturi</span> <span class='ocrx_word' id='word_1_116' title='bbox 668 2917 766 2979; x_wconf 91' lang='lat' dir='ltr'>sunt.</span> <span class='ocrx_word' id='word_1_117' title='bbox 813 2901 949 2999; x_wconf 87' lang='lat' dir='ltr'>Atque</span> <span class='ocrx_word' id='word_1_118' title='bbox 974 2902 1072 2974; x_wconf 85' lang='lat' dir='ltr'>haec</span> 
     </span>
     <span class='ocr_line' id='line_1_21' title="bbox 62 3030 1071 3131; baseline -0.005 -27"><span class='ocrx_word' id='word_1_119' title='bbox 62 3030 185 3104; x_wconf 88' lang='lat' dir='ltr'>editio</span> <span class='ocrx_word' id='word_1_120' title='bbox 209 3030 387 3104; x_wconf 91' lang='lat' dir='ltr'>omnibus</span> <span class='ocrx_word' id='word_1_121' title='bbox 412 3031 673 3131; x_wconf 87' lang='lat' dir='ltr'>superioribus</span> <span class='ocrx_word' id='word_1_122' title='bbox 693 3031 809 3126; x_wconf 84' lang='lat' dir='ltr'>longe</span> <span class='ocrx_word' id='word_1_123' title='bbox 828 3030 1071 3125; x_wconf 85' lang='lat' dir='ltr'>multumque</span> 
     </span>
     <span class='ocr_line' id='line_1_22' title="bbox 60 3156 1073 3254; baseline 0.001 -26"><span class='ocrx_word' id='word_1_124' title='bbox 60 3171 241 3254; x_wconf 86' lang='lat' dir='ltr'>praestat.</span> <span class='ocrx_word' id='word_1_125' title='bbox 308 3158 388 3232; x_wconf 82' lang='lat' dir='ltr'>Sed</span> <span class='ocrx_word' id='word_1_126' title='bbox 425 3160 519 3238; x_wconf 89' lang='lat' dir='ltr'>duas</span> <span class='ocrx_word' id='word_1_127' title='bbox 550 3183 611 3234; x_wconf 87' lang='lat' dir='ltr'>res</span> <span class='ocrx_word' id='word_1_128' title='bbox 651 3163 692 3229; x_wconf 92' lang='lat' dir='ltr'>in</span> <span class='ocrx_word' id='word_1_129' title='bbox 727 3181 773 3232; x_wconf 90' lang='lat' dir='ltr'>ea</span> <span class='ocrx_word' id='word_1_130' title='bbox 812 3156 1073 3231; x_wconf 83' lang='lat' dir='ltr'>desideramus</span> 
     </span>
     <span class='ocr_line' id='line_1_23' title="bbox 61 3282 1073 3393; baseline -0.003 -35"><span class='ocrx_word' id='word_1_131' title='bbox 61 3306 211 3358; x_wconf 89' lang='lat' dir='ltr'>summe</span> <span class='ocrx_word' id='word_1_132' title='bbox 234 3291 467 3362; x_wconf 88' lang='lat' dir='ltr'>necessarias</span> <span class='ocrx_word' id='word_1_133' title='bbox 493 3302 532 3363; x_wconf 91' lang='lat' dir='ltr'>et</span> <span class='ocrx_word' id='word_1_134' title='bbox 547 3289 797 3393; x_wconf 85' lang='lat' dir='ltr'>utilissimas,</span> <span class='ocrx_word' id='word_1_135' title='bbox 836 3282 1073 3379; x_wconf 82' lang='lat' dir='ltr'>explanatio·</span> 
     </span>
     <span class='ocr_line' id='line_1_24' title="bbox 62 3411 1071 3489; baseline 0 -8"><span class='ocrx_word' id='word_1_136' title='bbox 62 3432 151 3483; x_wconf 89' lang='lat' dir='ltr'>nem</span> <span class='ocrx_word' id='word_1_137' title='bbox 177 3411 350 3485; x_wconf 92' lang='lat' dir='ltr'>locorum</span> <span class='ocrx_word' id='word_1_138' title='bbox 376 3415 625 3489; x_wconf 90' lang='lat' dir='ltr'>obscurorum</span> <span class='ocrx_word' id='word_1_139' title='bbox 653 3429 692 3489; x_wconf 90' lang='lat' dir='ltr'>et</span> <span class='ocrx_word' id='word_1_140' title='bbox 717 3412 931 3486; x_wconf 85' lang='lat' dir='ltr'>difficilium</span> <span class='ocrx_word' id='word_1_141' title='bbox 957 3411 1071 3484; x_wconf 87' lang='lat' dir='ltr'>intel-</span> 
     </span>
     <span class='ocr_line' id='line_1_25' title="bbox 62 3536 1074 3642; baseline 0.001 -34"><span class='ocrx_word' id='word_1_142' title='bbox 62 3536 185 3628; x_wconf 86' lang='lat' dir='ltr'>lectu,</span> <span class='ocrx_word' id='word_1_143' title='bbox 221 3562 433 3640; x_wconf 89' lang='lat' dir='ltr'>eorumque</span> <span class='ocrx_word' id='word_1_144' title='bbox 460 3545 527 3642; x_wconf 90' lang='lat' dir='ltr'>qui</span> <span class='ocrx_word' id='word_1_145' title='bbox 562 3558 650 3614; x_wconf 91' lang='lat' dir='ltr'>sunt</span> <span class='ocrx_word' id='word_1_146' title='bbox 684 3542 745 3616; x_wconf 88' lang='lat' dir='ltr'>vel</span> <span class='ocrx_word' id='word_1_147' title='bbox 780 3543 974 3637; x_wconf 90' lang='lat' dir='ltr'>corrupti,</span> <span class='ocrx_word' id='word_1_148' title='bbox 1010 3537 1074 3611; x_wconf 87' lang='lat' dir='ltr'>vel</span> 
     </span>
     <span class='ocr_line' id='line_1_26' title="bbox 62 3642 1076 3769; baseline 0 -31"><span class='ocrx_word' id='word_1_149' title='bbox 62 3669 203 3742; x_wconf 91' lang='lat' dir='ltr'>incerti</span> <span class='ocrx_word' id='word_1_150' title='bbox 235 3684 276 3743; x_wconf 90' lang='lat' dir='ltr'>et</span> <span class='ocrx_word' id='word_1_151' title='bbox 312 3668 447 3758; x_wconf 89' lang='lat' dir='ltr'>dubii,</span> <span class='ocrx_word' id='word_1_152' title='bbox 485 3673 773 3769; x_wconf 90' lang='lat' dir='ltr'>inquisitionem</span> <span class='ocrx_word' id='word_1_153' title='bbox 805 3642 1001 3756; x_wconf 71' lang='lat' dir='ltr'>criticam,</span> <span class='ocrx_word' id='word_1_154' title='bbox 1035 3669 1076 3739; x_wconf 89' lang='lat' dir='ltr'>in</span> 
     </span>
    </p>
   </div>
   <div class='ocr_carea' id='block_1_3' title="bbox 125 3957 1076 4146">
    <p class='ocr_par' dir='ltr' id='par_1_3' title="bbox 125 3957 1076 4146">
     <span class='ocr_line' id='line_1_27' title="bbox 125 3957 1076 4049; baseline 0.001 -27"><span class='ocrx_word' id='word_1_155' title='bbox 125 3959 218 4030; x_wconf 56' lang='grc' dir='ltr'>ἣν.</span> <span class='ocrx_word' id='word_1_156' title='bbox 239 3960 414 4046; x_wconf 82' lang='lat' dir='ltr'>Pinzgerus</span> <span class='ocrx_word' id='word_1_157' title='bbox 435 3964 469 4025; x_wconf 88' lang='lat' dir='ltr'>in</span> <span class='ocrx_word' id='word_1_158' title='bbox 496 3957 660 4049; x_wconf 81' lang='lat' dir='ltr'>prooemio</span> <span class='ocrx_word' id='word_1_159' title='bbox 687 3962 728 4026; x_wconf 86' lang='lat' dir='ltr'>ad</span> <span class='ocrx_word' id='word_1_160' title='bbox 754 3962 894 4049; x_wconf 80' lang='lat' dir='ltr'>Lycurgi</span> <span class='ocrx_word' id='word_1_161' title='bbox 922 3974 999 4025; x_wconf 84' lang='lat' dir='ltr'>orat.</span> <span class='ocrx_word' id='word_1_162' title='bbox 1028 3961 1076 4024; x_wconf 84' lang='lat' dir='ltr'>ed.</span> 
     </span>
     <span class='ocr_line' id='line_1_28' title="bbox 189 4061 380 4146; baseline 0.01 -24"><span class='ocrx_word' id='word_1_163' title='bbox 189 4061 259 4145; x_wconf 89' lang='lat' dir='ltr'>maj.</span> <span class='ocrx_word' id='word_1_164' title='bbox 282 4083 314 4144; x_wconf 89' lang='lat' dir='ltr'>p.</span> <span class='ocrx_word' id='word_1_165' title='bbox 330 4062 380 4146; x_wconf 84' lang='lat'>59.</span> 
     </span>
    </p>
   </div>
   <div class='ocr_carea' id='block_1_4' title="bbox 0 0 1327 4626">
    <p class='ocr_par' dir='ltr' id='par_1_4' title="bbox 0 0 1327 4626">
     <span class='ocr_line' id='line_1_29' title="bbox 0 0 1327 4626; baseline 0 0"><span class='ocrx_word' id='word_1_166' title='bbox 0 0 1327 4626; x_wconf 95' lang='lat' dir='ltr'> </span> 
     </span>
    </p>
   </div>
  </div>
 </body>
</html>
