<?xml version="1.0" encoding="UTF-8"?>
<!DOCTYPE html PUBLIC "-//W3C//DTD XHTML 1.0 Transitional//EN"
    "http://www.w3.org/TR/xhtml1/DTD/xhtml1-transitional.dtd">
<html xmlns="http://www.w3.org/1999/xhtml" xml:lang="en" lang="en">
 <head>
  <title>
</title>
<meta http-equiv="Content-Type" content="text/html;charset=utf-8" />
  <meta name='ocr-system' content='tesseract 3.04.00' />
  <meta name='ocr-capabilities' content='ocr_page ocr_carea ocr_par ocr_line ocrx_word'/>
</head>
<body>
  <div class='ocr_page' id='page_1' title='image "./commentariusind00wurmgoog_0012.png"; bbox 0 0 2618 4626; ppageno 0'>
   <div class='ocr_carea' id='block_1_1' title="bbox 500 403 745 462">
    <p class='ocr_par' dir='ltr' id='par_1_1' title="bbox 500 403 745 462">
     <span class='ocr_line' id='line_1_1' title="bbox 500 403 745 462; baseline -0.024 -19"><span class='ocrx_word' id='word_1_1' title='bbox 500 403 745 462; x_wconf 15' lang='grc' dir='ltr'><strong>ιιι-Πλι-</strong></span> 
     </span>
    </p>
   </div>
   <div class='ocr_carea' id='block_1_2' title="bbox 137 586 1228 1085">
    <p class='ocr_par' dir='ltr' id='par_1_2' title="bbox 137 586 1228 1085">
     <span class='ocr_line' id='line_1_2' title="bbox 142 586 1149 674; baseline -0.005 -4"><span class='ocrx_word' id='word_1_2' title='bbox 142 594 332 670; x_wconf 81' lang='lat' dir='ltr'><strong>iirdustria</strong></span> <span class='ocrx_word' id='word_1_3' title='bbox 350 593 544 668; x_wconf 83' lang='lat' dir='ltr'><strong>communi</strong></span> <span class='ocrx_word' id='word_1_4' title='bbox 562 587 704 668; x_wconf 85' lang='lat' dir='ltr'><strong>iactum</strong></span> <span class='ocrx_word' id='word_1_5' title='bbox 720 602 791 674; x_wconf 81' lang='lat' dir='ltr'><strong>est,</strong></span> <span class='ocrx_word' id='word_1_6' title='bbox 813 601 857 664; x_wconf 87' lang='lat' dir='ltr'><strong>ut</strong></span> <span class='ocrx_word' id='word_1_7' title='bbox 872 589 1032 666; x_wconf 75' lang='lat' dir='ltr'><strong>subistis</strong></span> <span class='ocrx_word' id='word_1_8' title='bbox 1049 586 1149 667; x_wconf 70' lang='lat' dir='ltr'><strong>datii:</strong></span> 
     </span>
     <span class='ocr_line' id='line_1_3' title="bbox 143 714 1150 820; baseline -0.005 -21"><span class='ocrx_word' id='word_1_9' title='bbox 143 720 351 805; x_wconf 76' lang='lat' dir='ltr'><strong>cultoribus</strong></span> <span class='ocrx_word' id='word_1_10' title='bbox 393 720 572 820; x_wconf 83' lang='lat' dir='ltr'><strong>piurimis</strong></span> <span class='ocrx_word' id='word_1_11' title='bbox 610 733 652 794; x_wconf 86' lang='lat' dir='ltr'><strong>et</strong></span> <span class='ocrx_word' id='word_1_12' title='bbox 692 714 1003 814; x_wconf 67' lang='lat' dir='ltr'><strong>impedimentis,</strong></span> <span class='ocrx_word' id='word_1_13' title='bbox 1048 738 1150 818; x_wconf 82' lang='lat' dir='ltr'><strong>quaa</strong></span> 
     </span>
     <span class='ocr_line' id='line_1_4' title="bbox 144 845 1152 945; baseline -0.004 -18"><span class='ocrx_word' id='word_1_14' title='bbox 144 853 322 927; x_wconf 85' lang='lat' dir='ltr'><strong>homines</strong></span> <span class='ocrx_word' id='word_1_15' title='bbox 356 847 498 944; x_wconf 79' lang='lat' dir='ltr'><strong>singuli</strong></span> <span class='ocrx_word' id='word_1_16' title='bbox 526 846 656 919; x_wconf 87' lang='lat' dir='ltr'><strong>nullo·</strong></span> <span class='ocrx_word' id='word_1_17' title='bbox 672 845 804 920; x_wconf 90' lang='lat' dir='ltr'><strong>labore</strong></span> <span class='ocrx_word' id='word_1_18' title='bbox 834 861 1015 943; x_wconf 86' lang='lat' dir='ltr'><strong>poterant</strong></span> <span class='ocrx_word' id='word_1_19' title='bbox 1035 866 1152 945; x_wconf 77' lang='lat' dir='ltr'><strong>tropo·¹</strong></span> 
     </span>
     <span class='ocr_line' id='line_1_5' title="bbox 137 970 1228 1085; baseline -0.007 -30"><span class='ocrx_word' id='word_1_20' title='bbox 137 1002 251 1066; x_wconf 78' lang='lat' dir='ltr'><strong>sara,</strong></span> <span class='ocrx_word' id='word_1_21' title='bbox 275 979 407 1073; x_wconf 77' lang='lat' dir='ltr'><strong>vigere</strong></span> <span class='ocrx_word' id='word_1_22' title='bbox 429 977 506 1068; x_wconf 83' lang='lat' dir='ltr'><strong>jam</strong></span> <span class='ocrx_word' id='word_1_23' title='bbox 529 977 704 1073; x_wconf 84' lang='lat' dir='ltr'><strong>coeperit</strong></span> <span class='ocrx_word' id='word_1_24' title='bbox 727 987 920 1048; x_wconf 84' lang='lat' dir='ltr'><strong>oratorum</strong></span> <span class='ocrx_word' id='word_1_25' title='bbox 948 970 1135 1048; x_wconf 77' lang='lat' dir='ltr'><strong>studium</strong></span> <span class='ocrx_word' id='word_1_26' title='bbox 1226 1078 1228 1085; x_wconf 14' lang='lat' dir='ltr'>y</span> 
     </span>
    </p>
   </div>
   <div class='ocr_carea' id='block_1_3' title="bbox 111 1227 1243 3633">
    <p class='ocr_par' dir='ltr' id='par_1_3' title="bbox 111 1227 1219 2352">
     <span class='ocr_line' id='line_1_6' title="bbox 242 1227 1153 1327; baseline -0.001 -24"><span class='ocrx_word' id='word_1_27' title='bbox 242 1231 351 1307; x_wconf 86' lang='lat' dir='ltr'><strong>Haec</strong></span> <span class='ocrx_word' id='word_1_28' title='bbox 372 1228 426 1305; x_wconf 90' lang='lat' dir='ltr'><strong>ob</strong></span> <span class='ocrx_word' id='word_1_29' title='bbox 450 1247 533 1304; x_wconf 87' lang='lat' dir='ltr'><strong>eam</strong></span> <span class='ocrx_word' id='word_1_30' title='bbox 552 1248 632 1304; x_wconf 82' lang='lat' dir='ltr'><strong>rem</strong></span> <span class='ocrx_word' id='word_1_31' title='bbox 647 1229 809 1326; x_wconf 83' lang='lat' dir='ltr'><strong>¹longius</strong></span> <span class='ocrx_word' id='word_1_32' title='bbox 830 1227 1041 1327; x_wconf 87' lang='lat' dir='ltr'><strong>repetenda</strong></span> <span class='ocrx_word' id='word_1_33' title='bbox 1065 1249 1153 1302; x_wconf 82' lang='lat' dir='ltr'><strong>esse</strong></span> 
     </span>
     <span class='ocr_line' id='line_1_7' title="bbox 147 1357 1153 1458; baseline -0.003 -27"><span class='ocrx_word' id='word_1_34' title='bbox 147 1357 331 1454; x_wconf 80' lang='lat' dir='ltr'><strong>judicavi,</strong></span> <span class='ocrx_word' id='word_1_35' title='bbox 374 1358 481 1458; x_wconf 91' lang='lat' dir='ltr'><strong>quod</strong></span> <span class='ocrx_word' id='word_1_36' title='bbox 525 1361 786 1456; x_wconf 79' lang='lat' dir='ltr'><strong>maximopere</strong></span> <span class='ocrx_word' id='word_1_37' title='bbox 819 1359 1060 1456; x_wconf 86' lang='lat' dir='ltr'><strong>pertinerent</strong></span> <span class='ocrx_word' id='word_1_38' title='bbox 1080 1357 1153 1429; x_wconf 85' lang='lat' dir='ltr'><strong>.ad</strong></span> 
     </span>
     <span class='ocr_line' id='line_1_8' title="bbox 111 1476 1219 1586; baseline -0.004 -24"><span class='ocrx_word' id='word_1_39' title='bbox 111 1524 113 1529; x_wconf 93' lang='lat'>·</span> <span class='ocrx_word' id='word_1_40' title='bbox 147 1490 342 1563; x_wconf 85' lang='lat' dir='ltr'><strong>orationes</strong></span> <span class='ocrx_word' id='word_1_41' title='bbox 365 1485 576 1575; x_wconf 80' lang='lat' dir='ltr'><strong>Dinarchi,</strong></span> <span class='ocrx_word' id='word_1_42' title='bbox 602 1508 697 1586; x_wconf 85' lang='lat' dir='ltr'><strong>quas</strong></span> <span class='ocrx_word' id='word_1_43' title='bbox 720 1486 797 1560; x_wconf 90' lang='lat' dir='ltr'><strong>hoc</strong></span> <span class='ocrx_word' id='word_1_44' title='bbox 819 1487 1014 1561; x_wconf 82' lang='lat' dir='ltr'><strong>volumine</strong></span> <span class='ocrx_word' id='word_1_45' title='bbox 1038 1476 1166 1558; x_wconf 69' lang='lat' dir='ltr'><strong>inter⁶=</strong></span> <span class='ocrx_word' id='word_1_46' title='bbox 1216 1486 1219 1491; x_wconf 82' lang='grc'>’</span> 
     </span>
     <span class='ocr_line' id='line_1_9' title="bbox 147 1611 1154 1717; baseline -0.005 -27"><span class='ocrx_word' id='word_1_47' title='bbox 147 1619 293 1717; x_wconf 71' lang='lat' dir='ltr'><strong>pietati</strong></span> <span class='ocrx_word' id='word_1_48' title='bbox 316 1632 358 1691; x_wconf 87' lang='lat' dir='ltr'><strong>et</strong></span> <span class='ocrx_word' id='word_1_49' title='bbox 381 1613 587 1691; x_wconf 85' lang='lat' dir='ltr'><strong>emendare</strong></span> <span class='ocrx_word' id='word_1_50' title='bbox 611 1617 769 1688; x_wconf 83' lang='lat' dir='ltr'><strong>institui.</strong></span> <span class='ocrx_word' id='word_1_51' title='bbox 816 1612 933 1688; x_wconf 88' lang='lat' dir='ltr'><strong>Nunc</strong></span> <span class='ocrx_word' id='word_1_52' title='bbox 956 1611 1006 1684; x_wconf 90' lang='lat' dir='ltr'><strong>ad</strong></span> <span class='ocrx_word' id='word_1_53' title='bbox 1026 1615 1154 1712; x_wconf 80' lang='lat' dir='ltr'><strong>ipsum</strong></span> 
     </span>
     <span class='ocr_line' id='line_1_10' title="bbox 146 1741 1154 1840; baseline -0.005 -22"><span class='ocrx_word' id='word_1_54' title='bbox 146 1742 389 1840; x_wconf 79' lang='lat' dir='ltr'><strong>Dinarchum</strong></span> <span class='ocrx_word' id='word_1_55' title='bbox 424 1759 669 1820; x_wconf 86' lang='lat' dir='ltr'><strong>transeamus.</strong></span> <span class='ocrx_word' id='word_1_56' title='bbox 728 1741 868 1818; x_wconf 87' lang='lat' dir='ltr'><strong>Dicam</strong></span> <span class='ocrx_word' id='word_1_57' title='bbox 904 1757 1032 1816; x_wconf 88' lang='lat' dir='ltr'><strong>autem</strong></span> <span class='ocrx_word' id='word_1_58' title='bbox 1068 1763 1154 1839; x_wconf 89' lang='lat' dir='ltr'><strong>per·</strong></span> 
     </span>
     <span class='ocr_line' id='line_1_11' title="bbox 129 1852 1155 1970; baseline -0.007 -19"><span class='ocrx_word' id='word_1_59' title='bbox 129 1852 316 1951; x_wconf 74' lang='lat' dir='ltr'><strong>,breviter</strong></span> <span class='ocrx_word' id='word_1_60' title='bbox 347 1874 514 1970; x_wconf 87' lang='lat' dir='ltr'><strong>primum</strong></span> <span class='ocrx_word' id='word_1_61' title='bbox 548 1870 599 1949; x_wconf 87' lang='lat' dir='ltr'><strong>de</strong></span> <span class='ocrx_word' id='word_1_62' title='bbox 631 1891 703 1959; x_wconf 90' lang='lat' dir='ltr'><strong>eo,</strong></span> <span class='ocrx_word' id='word_1_63' title='bbox 723 1893 817 1970; x_wconf 40' lang='lat' dir='ltr'><strong>,quo</strong></span> <span class='ocrx_word' id='word_1_64' title='bbox 841 1869 1061 1944; x_wconf 78' lang='lat' dir='ltr'><strong>Dinarchus</strong></span> <span class='ocrx_word' id='word_1_65' title='bbox 1089 1884 1155 1944; x_wconf 81' lang='lat' dir='ltr'><strong>est</strong></span> 
     </span>
     <span class='ocr_line' id='line_1_12' title="bbox 147 1996 1154 2094; baseline 0 -23"><span class='ocrx_word' id='word_1_66' title='bbox 147 2023 241 2074; x_wconf 82' lang='lat' dir='ltr'><strong>usus</strong></span> <span class='ocrx_word' id='word_1_67' title='bbox 276 2003 461 2075; x_wconf 87' lang='lat' dir='ltr'><strong>sermonis</strong></span> <span class='ocrx_word' id='word_1_68' title='bbox 500 2020 643 2094; x_wconf 84' lang='lat' dir='ltr'><strong>genere</strong></span> <span class='ocrx_word' id='word_1_69' title='bbox 683 2012 724 2073; x_wconf 88' lang='lat' dir='ltr'><strong>et</strong></span> <span class='ocrx_word' id='word_1_70' title='bbox 762 2001 969 2088; x_wconf 86' lang='lat' dir='ltr'><strong>orationis,</strong></span> <span class='ocrx_word' id='word_1_71' title='bbox 1011 1996 1154 2072; x_wconf 85' lang='lat' dir='ltr'><strong>deinde</strong></span> 
     </span>
     <span class='ocr_line' id='line_1_13' title="bbox 151 2112 1154 2224; baseline 0.003 -27"><span class='ocrx_word' id='word_1_72' title='bbox 151 2139 337 2224; x_wconf 82' lang='lat' dir='ltr'><strong>quantum</strong></span> <span class='ocrx_word' id='word_1_73' title='bbox 383 2123 618 2224; x_wconf 73' lang='lat' dir='ltr'><strong>profecerint</strong></span> <span class='ocrx_word' id='word_1_74' title='bbox 665 2112 833 2200; x_wconf 80' lang='lat' dir='ltr'><strong>editores</strong></span> <span class='ocrx_word' id='word_1_75' title='bbox 880 2148 1072 2224; x_wconf 82' lang='lat' dir='ltr'><strong>exponam</strong></span> <span class='ocrx_word' id='word_1_76' title='bbox 1113 2138 1154 2200; x_wconf 90' lang='lat' dir='ltr'><strong>et</strong></span> 
     </span>
     <span class='ocr_line' id='line_1_14' title="bbox 150 2233 887 2352; baseline -0.001 -27"><span class='ocrx_word' id='word_1_77' title='bbox 150 2274 268 2352; x_wconf 80' lang='lat' dir='ltr'><strong>quam</strong></span> <span class='ocrx_word' id='word_1_78' title='bbox 298 2273 373 2349; x_wconf 79' lang='lat' dir='ltr'><strong>ogo</strong></span> <span class='ocrx_word' id='word_1_79' title='bbox 400 2269 557 2328; x_wconf 69' lang='lat' dir='ltr'><strong>&#39;mutus</strong></span> <span class='ocrx_word' id='word_1_80' title='bbox 591 2233 662 2327; x_wconf 85' lang='lat' dir='ltr'><strong>sim</strong></span> <span class='ocrx_word' id='word_1_81' title='bbox 687 2256 887 2327; x_wconf 86' lang='lat' dir='ltr'><strong>rationem.</strong></span> 
     </span>
    </p>

    <p class='ocr_par' dir='ltr' id='par_1_4' title="bbox 148 2379 1243 3373">
     <span class='ocr_line' id='line_1_15' title="bbox 244 2379 1155 2478; baseline -0.002 -21"><span class='ocrx_word' id='word_1_82' title='bbox 244 2379 317 2457; x_wconf 80' lang='lat' dir='ltr'><strong>Est</strong></span> <span class='ocrx_word' id='word_1_83' title='bbox 325 2385 443 2478; x_wconf 87' lang='lat' dir='ltr'><strong>igitar</strong></span> <span class='ocrx_word' id='word_1_84' title='bbox 451 2404 573 2478; x_wconf 85' lang='lat' dir='ltr'><strong>genos</strong></span> <span class='ocrx_word' id='word_1_85' title='bbox 588 2385 774 2460; x_wconf 86' lang='lat' dir='ltr'><strong>sermonis</strong></span> <span class='ocrx_word' id='word_1_86' title='bbox 788 2380 977 2469; x_wconf 87' lang='lat' dir='ltr'><strong>Atticum,</strong></span> <span class='ocrx_word' id='word_1_87' title='bbox 1001 2402 1155 2478; x_wconf 80' lang='lat' dir='ltr'><strong>purum,</strong></span> 
     </span>
     <span class='ocr_line' id='line_1_16' title="bbox 148 2505 1243 2611; baseline -0.005 -26"><span class='ocrx_word' id='word_1_88' title='bbox 148 2509 460 2611; x_wconf 81' lang='lat' dir='ltr'><strong>elegans‘neque</strong></span> <span class='ocrx_word' id='word_1_89' title='bbox 483 2513 536 2585; x_wconf 90' lang='lat' dir='ltr'><strong>ita</strong></span> <span class='ocrx_word' id='word_1_90' title='bbox 554 2511 714 2584; x_wconf 90' lang='lat' dir='ltr'><strong>multum</strong></span> <span class='ocrx_word' id='word_1_91' title='bbox 726 2507 905 2582; x_wconf 83' lang='lat' dir='ltr'><strong>differens</strong></span> <span class='ocrx_word' id='word_1_92' title='bbox 930 2505 1056 2595; x_wconf 82' lang='lat' dir='ltr'><strong>abac,</strong></span> <span class='ocrx_word' id='word_1_93' title='bbox 1075 2532 1154 2607; x_wconf 90' lang='lat' dir='ltr'><strong>quo</strong></span> <span class='ocrx_word' id='word_1_94' title='bbox 1234 2548 1243 2571; x_wconf 50' lang='grc' dir='ltr'>κ</span> 
     </span>
     <span class='ocr_line' id='line_1_17' title="bbox 149 2633 1154 2713; baseline -0.001 -4"><span class='ocrx_word' id='word_1_95' title='bbox 149 2639 210 2711; x_wconf 85' lang='lat' dir='ltr'><strong>usi</strong></span> <span class='ocrx_word' id='word_1_96' title='bbox 222 2651 312 2712; x_wconf 81' lang='lat' dir='ltr'><strong>sunt</strong></span> <span class='ocrx_word' id='word_1_97' title='bbox 323 2641 462 2712; x_wconf 85' lang='lat' dir='ltr'><strong>summi</strong></span> <span class='ocrx_word' id='word_1_98' title='bbox 473 2654 644 2713; x_wconf 88' lang='lat' dir='ltr'><strong>oratores</strong></span> <span class='ocrx_word' id='word_1_99' title='bbox 654 2633 1154 2712; x_wconf 86' lang='lat' dir='ltr'><strong>AeschinesetDemosthe·</strong></span> 
     </span>
     <span class='ocr_line' id='line_1_18' title="bbox 152 2763 1154 2862; baseline 0 -25"><span class='ocrx_word' id='word_1_100' title='bbox 152 2786 240 2854; x_wconf 70' lang='lat' dir='ltr'><strong>aaa,</strong></span> <span class='ocrx_word' id='word_1_101' title='bbox 257 2769 382 2840; x_wconf 90' lang='lat' dir='ltr'><strong>oratio</strong></span> <span class='ocrx_word' id='word_1_102' title='bbox 400 2782 528 2841; x_wconf 82' lang='lat' dir='ltr'><strong>autem</strong></span> <span class='ocrx_word' id='word_1_103' title='bbox 545 2766 738 2840; x_wconf 89' lang='lat' dir='ltr'><strong>interdum</strong></span> <span class='ocrx_word' id='word_1_104' title='bbox 755 2780 814 2840; x_wconf 87' lang='lat' dir='ltr'><strong>est</strong></span> <span class='ocrx_word' id='word_1_105' title='bbox 831 2787 977 2862; x_wconf 86' lang='lat' dir='ltr'><strong>aspera,</strong></span> <span class='ocrx_word' id='word_1_106' title='bbox 997 2763 1154 2837; x_wconf 88' lang='lat' dir='ltr'><strong>horrida</strong></span> 
     </span>
     <span class='ocr_line' id='line_1_19' title="bbox 150 2889 1158 2979; baseline -0.006 -10"><span class='ocrx_word' id='word_1_107' title='bbox 150 2908 192 2969; x_wconf 88' lang='lat' dir='ltr'><strong>et</strong></span> <span class='ocrx_word' id='word_1_108' title='bbox 209 2895 389 2979; x_wconf 83' lang='lat' dir='ltr'><strong>incomta,</strong></span> <span class='ocrx_word' id='word_1_109' title='bbox 413 2908 455 2967; x_wconf 92' lang='lat' dir='ltr'><strong>ut</strong></span> <span class='ocrx_word' id='word_1_110' title='bbox 479 2891 594 2970; x_wconf 84' lang='lat' dir='ltr'><strong>facile</strong></span> <span class='ocrx_word' id='word_1_111' title='bbox 614 2891 890 2966; x_wconf 84' lang='lat' dir='ltr'><strong>animadvertas</strong></span> <span class='ocrx_word' id='word_1_112' title='bbox 912 2889 1158 2966; x_wconf 78' lang='lat' dir='ltr'><strong>ferocitatem?</strong></span> 
     </span>
     <span class='ocr_line' id='line_1_20' title="bbox 150 3019 1154 3120; baseline 0.002 -28"><span class='ocrx_word' id='word_1_113' title='bbox 150 3019 344 3120; x_wconf 88' lang='lat' dir='ltr'><strong>quandam</strong></span> <span class='ocrx_word' id='word_1_114' title='bbox 367 3023 513 3118; x_wconf 85' lang='lat' dir='ltr'><strong>ingenii</strong></span> <span class='ocrx_word' id='word_1_115' title='bbox 538 3037 578 3097; x_wconf 88' lang='lat' dir='ltr'><strong>et</strong></span> <span class='ocrx_word' id='word_1_116' title='bbox 609 3021 899 3095; x_wconf 86' lang='lat' dir='ltr'><strong>similitudinem</strong></span> <span class='ocrx_word' id='word_1_117' title='bbox 922 3019 1154 3095; x_wconf 89' lang='lat' dir='ltr'><strong>Demosthe·</strong></span> 
     </span>
     <span class='ocr_line' id='line_1_21' title="bbox 149 3144 1155 3245; baseline 0.004 -25"><span class='ocrx_word' id='word_1_118' title='bbox 149 3144 234 3224; x_wconf 85' lang='lat' dir='ltr'><strong>nis.¹</strong></span> <span class='ocrx_word' id='word_1_119' title='bbox 273 3147 354 3223; x_wconf 87' lang='lat' dir='ltr'><strong>Sed</strong></span> <span class='ocrx_word' id='word_1_120' title='bbox 384 3148 469 3223; x_wconf 82' lang='lat' dir='ltr'><strong>hoc.</strong></span> <span class='ocrx_word' id='word_1_121' title='bbox 486 3150 575 3224; x_wconf 89' lang='lat' dir='ltr'><strong>loco</strong></span> <span class='ocrx_word' id='word_1_122' title='bbox 609 3172 687 3221; x_wconf 92' lang='lat' dir='ltr'><strong>non</strong></span> <span class='ocrx_word' id='word_1_123' title='bbox 722 3147 1045 3245; x_wconf 76' lang='lat' dir='ltr'><strong>praetereundum</strong></span> <span class='ocrx_word' id='word_1_124' title='bbox 1069 3172 1155 3225; x_wconf 86' lang='lat' dir='ltr'><strong>esse</strong></span> 
     </span>
     <span class='ocr_line' id='line_1_22' title="bbox 148 3274 1156 3373; baseline 0.003 -24"><span class='ocrx_word' id='word_1_125' title='bbox 148 3274 305 3354; x_wconf 81' lang='lat' dir='ltr'><strong>videtur</strong></span> <span class='ocrx_word' id='word_1_126' title='bbox 333 3274 597 3373; x_wconf 80' lang='lat' dir='ltr'><strong>¹Hermogenis</strong></span> <span class='ocrx_word' id='word_1_127' title='bbox 636 3277 820 3351; x_wconf 85' lang='lat' dir='ltr'><strong>rhetorici</strong></span> <span class='ocrx_word' id='word_1_128' title='bbox 863 3277 914 3350; x_wconf 88' lang='lat' dir='ltr'><strong>de</strong></span> <span class='ocrx_word' id='word_1_129' title='bbox 954 3276 1156 3352; x_wconf 89' lang='lat' dir='ltr'><strong>Dinarcho</strong></span> 
     </span>
    </p>

    <p class='ocr_par' dir='ltr' id='par_1_5' title="bbox 112 3378 1156 3633">
     <span class='ocr_line' id='line_1_23' title="bbox 112 3378 1156 3503; baseline 0.005 -30"><span class='ocrx_word' id='word_1_130' title='bbox 112 3378 129 3391; x_wconf 42' lang='lat'>⁰</span> <span class='ocrx_word' id='word_1_131' title='bbox 151 3400 359 3495; x_wconf 83' lang='lat' dir='ltr'><strong>judicium,</strong></span> <span class='ocrx_word' id='word_1_132' title='bbox 382 3407 449 3503; x_wconf 89' lang='lat' dir='ltr'><strong>qui</strong></span> <span class='ocrx_word' id='word_1_133' title='bbox 473 3407 514 3476; x_wconf 91' lang='lat' dir='ltr'><strong>in</strong></span> <span class='ocrx_word' id='word_1_134' title='bbox 532 3404 636 3479; x_wconf 88' lang='lat' dir='ltr'><strong>hunc</strong></span> <span class='ocrx_word' id='word_1_135' title='bbox 658 3401 816 3476; x_wconf 89' lang='lat' dir='ltr'><strong>modum</strong></span> <span class='ocrx_word' id='word_1_136' title='bbox 833 3404 966 3479; x_wconf 90' lang='lat' dir='ltr'><strong>scribit</strong></span> <span class='ocrx_word' id='word_1_137' title='bbox 981 3411 1039 3492; x_wconf 48' lang='grc' dir='ltr'><strong>ἢκ</strong></span> <span class='ocrx_word' id='word_1_138' title='bbox 1083 3406 1156 3480; x_wconf 91' lang='lat' dir='ltr'><strong>Di·</strong></span> 
     </span>
     <span class='ocr_line' id='line_1_24' title="bbox 153 3530 1155 3633; baseline 0.003 -28"><span class='ocrx_word' id='word_1_139' title='bbox 153 3530 319 3607; x_wconf 86' lang='lat' dir='ltr'><strong>narchus</strong></span> <span class='ocrx_word' id='word_1_140' title='bbox 341 3554 496 3606; x_wconf 88' lang='lat' dir='ltr'><strong>-cum</strong></span> <span class='ocrx_word' id='word_1_141' title='bbox 521 3535 571 3609; x_wconf 87' lang='lat' dir='ltr'><strong>sit</strong></span> <span class='ocrx_word' id='word_1_142' title='bbox 593 3530 776 3633; x_wconf 81' lang='lat' dir='ltr'><strong>politicus</strong></span> <span class='ocrx_word' id='word_1_143' title='bbox 800 3547 840 3608; x_wconf 90' lang='lat' dir='ltr'><strong>et</strong></span> <span class='ocrx_word' id='word_1_144' title='bbox 863 3548 1046 3632; x_wconf 88' lang='lat' dir='ltr'><strong>quantum</strong></span> <span class='ocrx_word' id='word_1_145' title='bbox 1067 3535 1155 3609; x_wconf 87' lang='lat' dir='ltr'><strong>fieri</strong></span> 
     </span>
    </p>
   </div>
   <div class='ocr_carea' id='block_1_4' title="bbox 211 3839 1158 3931">
    <p class='ocr_par' dir='ltr' id='par_1_6' title="bbox 211 3839 1158 3931">
     <span class='ocr_line' id='line_1_25' title="bbox 211 3839 1158 3931; baseline 0.002 -27"><span class='ocrx_word' id='word_1_146' title='bbox 211 3841 247 3917; x_wconf 68' lang='lat' dir='ltr'><strong>*j</strong></span> <span class='ocrx_word' id='word_1_147' title='bbox 267 3842 475 3930; x_wconf 81' lang='lat' dir='ltr'><strong>Hermogenis</strong></span> <span class='ocrx_word' id='word_1_148' title='bbox 493 3857 550 3906; x_wconf 83' lang='lat' dir='ltr'><strong>eto.</strong></span> <span class='ocrx_word' id='word_1_149' title='bbox 579 3845 617 3907; x_wconf 90' lang='lat' dir='ltr'><strong>de</strong></span> <span class='ocrx_word' id='word_1_150' title='bbox 648 3859 712 3910; x_wconf 84' lang='lat' dir='ltr'><strong>arte</strong></span> <span class='ocrx_word' id='word_1_151' title='bbox 746 3846 901 3910; x_wconf 85' lang='lat' dir='ltr'><strong>rhetorica</strong></span> <span class='ocrx_word' id='word_1_152' title='bbox 935 3839 1097 3931; x_wconf 79' lang='lat' dir='ltr'><strong>praecepta</strong></span> <span class='ocrx_word' id='word_1_153' title='bbox 1118 3881 1158 3895; x_wconf 89' lang='grc'><strong>--</strong></span> 
     </span>
    </p>
   </div>
   <div class='ocr_carea' id='block_1_5' title="bbox 275 3945 1159 4130">
    <p class='ocr_par' dir='ltr' id='par_1_7' title="bbox 275 3945 1159 4130">
     <span class='ocr_line' id='line_1_26' title="bbox 275 3945 1159 4031; baseline 0.003 -26"><span class='ocrx_word' id='word_1_154' title='bbox 275 3964 376 4026; x_wconf 86' lang='lat' dir='ltr'><strong>nuper</strong></span> <span class='ocrx_word' id='word_1_155' title='bbox 396 3946 429 4005; x_wconf 91' lang='lat' dir='ltr'><strong>in</strong></span> <span class='ocrx_word' id='word_1_156' title='bbox 446 3945 576 4006; x_wconf 85' lang='lat' dir='ltr'><strong>latinum</strong></span> <span class='ocrx_word' id='word_1_157' title='bbox 593 3968 762 4012; x_wconf 81' lang='lat' dir='ltr'><strong>sermonem</strong></span> <span class='ocrx_word' id='word_1_158' title='bbox 781 3971 878 4015; x_wconf 84' lang='lat' dir='ltr'><strong>vcraa.</strong></span> <span class='ocrx_word' id='word_1_159' title='bbox 919 3947 1056 4010; x_wconf 73' lang='lat' dir='ltr'><strong>Basileus</strong></span> <span class='ocrx_word' id='word_1_160' title='bbox 1077 3945 1159 4031; x_wconf 81' lang='lat' dir='ltr'><strong>apud</strong></span> 
     </span>
     <span class='ocr_line' id='line_1_27' title="bbox 275 4043 692 4130; baseline 0.005 -22"><span class='ocrx_word' id='word_1_161' title='bbox 275 4043 403 4108; x_wconf 82' lang='lat' dir='ltr'><strong>Petrum</strong></span> <span class='ocrx_word' id='word_1_162' title='bbox 424 4044 556 4107; x_wconf 86' lang='lat' dir='ltr'><strong>Pernam</strong></span> <span class='ocrx_word' id='word_1_163' title='bbox 576 4067 607 4130; x_wconf 90' lang='lat' dir='ltr'><strong>p.</strong></span> <span class='ocrx_word' id='word_1_164' title='bbox 621 4050 692 4112; x_wconf 74' lang='lat'><strong>321.</strong></span> 
     </span>
    </p>
   </div>
   <div class='ocr_carea' id='block_1_6' title="bbox 0 0 1318 4626">
    <p class='ocr_par' dir='ltr' id='par_1_8' title="bbox 0 0 1318 4626">
     <span class='ocr_line' id='line_1_28' title="bbox 0 0 1318 4626; baseline 0 0"><span class='ocrx_word' id='word_1_165' title='bbox 0 0 1318 4626; x_wconf 95' lang='lat' dir='ltr'><strong> </strong></span> 
     </span>
    </p>
   </div>
  </div>
 </body>
</html>
