2618 4626
550 408 769 455 ...χ-

143 607 274 693 potest
289 595 529 694 'perspicuus
546 615 593 667 ac
616 616 731 668 verus
752 607 792 670 et
809 595 1030 695 probabilis,
1052 600 1149 670 m'ul-

144 736 243 825 tum,
278 719 397 823 habet
446 701 486 797 et
527 722 795 799 vehementiae
825 728 882 797 el
931 729 1151 823 asperitatis

143 849 355 953 secundum
381 855 608 925 sententiam
635 866 674 926 et
700 851 927 926 methodum
950 869 989 926 at
1011 876 1149 927 secun·

144 977 396 1074 ‹tum-:lpum
436 977 645 1053 dictionem
676 983 801 1052 minus
836 997 896 1055 est
928 983 1151 1054 vehemens.

31 1162 34 1170 „
143 1104 216 1178 Est
245 1109 348 1179 enim
383 1106 590 1179 vehemens
621 1129 776 1203 prorsus
812 1122 852 1182 et
876 1132 988 1206 asper
1011 1130 1149 1182 secun-

142 1233 233 1307 dum
259 1255 315 1315 ea,
339 1253 439 1330 quae
455 1236 651 1330 pertinent
674 1235 961 1324 addictionem,
984 1250 1027 1309 ut
1050 1235 1152 1330 figu-

142 1383 222 1452 ras,
248 1361 455 1449 membra,
480 1366 812 1457 compositiones,
846 1366 1150 1446 terminationes.

142 1488 627 1590 numerum-quamobrem
653 1494 778 1566 minus
808 1506 982 1565 accurata
1007 1505 1064 1564 est
1088 1490 1151 1562 illi

143 1620 286 1704 orati03
319 1633 536 1694 esttamen
570 1620 682 1692 uelox
716 1636 757 1696 et
792 1643 871 1693 non
901 1617 1152 1692 mediocriter

144 1749 291 1842 gravis,
326 1746 387 1822 vel
412 1749 540 1844 potius
569 1749 829 1823 videturesse
853 1751 998 1845 gravis,
1032 1770 1152 1844 quam

21 1954 24 1963 ,
144 1877 212 1962 sit,
237 1898 324 1949 cum
344 1874 503 1966 hujusce
522 1878 714 1973 gravitatis
733 1880 852 1972 magis
877 1880 926 1950 sit
942 1876 1151 1972 particeps.

144 2001 225 2079 Sed
249 2018 291 2076 ut
315 2006 493 2076 universe
517 2003 653 2102 loquar
678 2005 836 2076 multum
862 2004 979 2078 habet
1001 2002 1066 2074 hic
1091 2006 1152 2076 vir

141 2131 487 2205 Demosthenicum
508 2139 543 2218 ⁴⁸)
583 2130 634 2205 ob
668 2135 931 2229 asperitatem,
973 2130 1150 2204 celerita-

96 2278 100 2285 ·
142 2274 241 2345 tem,
273 2258 572 2345 vehementiam,
609 2262 662 2330 ita
699 2273 742 2332 ut
775 2259 951 2330 nonnulli
986 2281 1064 2353 non
1090 2261 1150 2330 in·

141 2385 309 2480 jucunde
326 2388 366 2457 in
392 2385 495 2458 hunc
513 2384 714 2457 dicterium
732 2388 928 2479 jacientes,
952 2409 1039 2460 eum
1059 2386 1148 2458 hor·

50 2600 53 2611 Ι
142 2514 328 2587 deaceum
366 2511 672 2608 Demosthenem
713 2514 1003 2611 appellaverint.
1060 2514 1151 2590 Hoc

136 2642 310 2716 'hominis
339 2643 547 2714 acutissimi
580 2640 764 2734 judicium
784 2644 1026 2715 ¹verissimum
1050 2628 1150 2717 ¹esse

143 2773 268 2869 quivis
292 2769 502 2862 intelliget,
528 2770 595 2866 qui
620 2768 680 2847 vel
706 2769 825 2844 semel
846 2771 974 2844 animo
997 2784 1150 2847 attento

141 2896 331 2973 Dinarchi
354 2900 548 2971 orationes
571 2897 791 2997 perlegerit.

241 3152 444 3227 Edition‘es
471 3144 604 3226 harum
623 3156 837 3228 orationum
858 3152 935 3248 legi
961 3165 1037 3225 tres
1053 3151 1148 3227 Rei·

143 3283 233 3370 skii,
254 3282 433 3368 Belrlreri,
458 3280 674 3355 Schmidtii.
697 3281 878 3355 Reislrius
893 3294 932 3354 et
946 3294 1035 3376 post
1058 3304 1149 3354 eum

144 3409 379 3485 Schmidtius
414 3412 454 3482 in
487 3409 678 3484 editiones
707 3431 794 3482 suas
827 3411 1151 3504 transcripserunt

144 3543 284 3626 omnia,
308 3561 408 3638 quae
431 3538 691 3632 Hieronymus
717 3535 883 3611 wolfius
899 3551 938 3610 et
955 3528 1149 3611 Henricus

142 3735 514 3754 *ἡ

116 3891 120 3899 ·
205 3859 236 3934 *J
260 3858 298 3922 V.
321 3857 493 3941 Dionysius
514 3818 613 3918 Halia.¹
635 3854 669 3915 in
690 3853 792 3931 libro,
815 3876 905 3938 quern
930 3857 967 3916 de
988 3855 1147 3917 Dinaroho

265 3961 466 4043 conscripsit,
495 3958 527 4018 in
558 3969 635 4020 orat.
665 3977 768 4041 graec.
791 3956 838 4018 ed.
859 3955 980 4018 Reirlii
1006 3957 1043 4017 Τ.
1063 3956 1148 4030 Vlll,

264 4062 363 4145 parti
382 4074 411 4122 et
428 4083 457 4144 p.
468 4069 538 4130 [rao.
