2618 4626
473 426 704 478 ...μ

12 651 14 654 ⁴
84 604 337 701 accesserint,
379 609 533 689 desinet
566 613 716 700 mirari,
753 613 821 710 qni
857 617 1095 711 cogitaverit,

80 758 230 846 quanta
270 761 464 839 quamque
507 738 689 814 difficilis'
721 741 924 816 multarum
965 766 1095 817 rerum

51 914 56 919 ·
86 871 250 948 scientia
273 869 324 941 sit
347 868 563 942 necessaria
591 866 641 939 ad
666 889 733 941 eos
763 868 951 964 legendos
974 884 1014 943 et
1035 873 1094 942 in·

85 992 376 1096 terpretandos,
398 1007 442 1067 ut
464 993 601 1070 eadem
624 994 888 1071 illaubertate
912 1012 952 1072 et
968 1000 1094 1096 copia,

85 1117 164 1226 qua
202 1125 306 1197 allici
347 1117 542 1195 debebant
578 1120 755 1198 homines
796 1121 1093 1198 deterrerentur·

89 1248 300 1326 Afferenda
324 1248 427 1323 enim
452 1260 511 1321 est
540 1263 716 1322 accurata
748 1252 920 1346 cognitio
945 1273 1088 1325 sermo·

85 1362 299 1462 nisAltici3
323 1399 410 1450 nam
428 1388 622 1449 oratorum
644 1375 833 1474 loquendi
848 1376 1089 1453 consuetudo

82 1479 165 1579 non
190 1519 250 1580 est
273 1506 350 1577 tarn
373 1515 555 1602 prompta
578 1515 619 1576 et
642 1499 835 1600 expedita,
860 1503 985 1601 qualis
1006 1504 1091 1578 Pla·

70 1606 187 1710 ,tonis
211 1646 252 1708 et
271 1629 547 1729 Xenophontis
562 1642 648 1705 esse
662 1630 773 1704 solet.
812 1628 1092 1726 Cognoscenda

82 1773 292 1858 praecepta
327 1758 515 1838 oratoria.
552 1777 652 1855 qnae
691 1761 759 1857 qui
796 1781 875 1830 non
911 1762 1089 1847 tennerit,

29 1870 41 1951 s
83 1910 202 1986 saepe
226 1889 265 1958 in
290 1883 463 1960 artificiis
502 1881 688 1957 haerebit.
735 1883 913 1959 Accedat
936 1901 1092 1983 oportet

83 2038 166 2095 non
176 2012 380 2087 mediocris
390 2012 668 2102 scientia-juris,
685 2011 928 2116 judiciorum,
949 2012 1090 2108 legum,

85 2143 395 2240 magistratuum,
418 2158 518 2234 quae
541 2160 602 2212 res
627 2139 694 2212 diu
717 2141 895 2232 jacebant
918 2142 958 2209 in
984 2153 1091 2212 tene·

53 2352 57 2359 ,
84 2267 175 2343 bris.
227 2247 472 2339 Grammatici
497 2268 601 2340 enirn
626 2281 664 2341 et
687 2266 929 2352 scholiastae,
955 2268 1088 2364 quiin

83 2418 130 2471 ea
155 2415 198 2467 re
221 2395 392 2490 magistri
416 2370 505 2467 sunt
530 2397 669 2479 nostri,
708 2396 740 2470 si
766 2393 862 2493 quid
885 2394 1011 2468 minus
1032 2394 1108 2464 in·.

82 2518 331 2618 telligebant,
364 2520 485 2594 multa
514 2534 555 2594 et
579 2524 690 2594 'varia
722 2536 868 2596 temere
891 2523 1091 2597 commini-

86 2652 235 2724 scentes
270 2643 386 2725 facile
419 2669 462 2723 se
495 2667 544 2724 err
583 2647 872 2724 difficultatibus
906 2649 1092 2747 expedire
1211 2637 1213 2641 ’

88 2776 285 2864 solebant,
317 2790 593 2876 traxeruntque
625 2781 853 2852 auctoritate
876 2800 944 2850 sua
967 2777 1090 2849 homi·

37 2958 40 2963 -
85 2926 157 2979 nes
179 2902 464 2999 intelligentes,
501 2904 740 3005 quialiquid
773 2907 820 2979 iis
844 2903 1090 2979 tribuendum

53 3020 284 3130 'pntsrnnn
329 3046 389 3117 et,
436 3033 504 3129 qni
547 3036 717 3117 omnium
756 3034 925 3129 optimus
960 3052 1090 3104 earum

83 3180 213 3235 rerum
225 3171 289 3233 est
305 3172 450 3245 auctor,
473 3156 766 3257 Harpocration,
793 3157 911 3232 multa
931 3156 1090 3256 quidem

82 3283 245 3359 tradidit
268 3300 307 3358 et
337 3285 555 3383 praeclara,
587 3289 657 3363 sed
693 3288 873 3363 inchoata
903 3286 1090 3383 pleraque

86 3426 127 3486 et
149 3409 399 3512 imperfecta,
433 3436 562 3514 neque
595 3437 640 3491 ea
664 3431 771 3490 certo
796 3418 928 3512 aliquo
952 3410 1090 3488 ordine

86 3539 303 3641 descripta,
340 3540 411 3615 sed
443 3543 618 3641 dispersa
648 3560 687 3619 et
719 3545 900 3637 disjecta.
936 3555 978 3616 nt
1010 3563 1090 3613 non

82 3671 159 3740 nisi
184 3667 360 3744 homines
393 3668 499 3743 docti
523 3669 825 3772 habitantesque
851 3675 965 3759 ineo
990 3669 1091 3744 litte·

81 3819 207 3870 rernm
233 3819 376 3893 genere
399 3799 573 3874 invenire
605 3800 753 3900 aliquid
777 3818 817 3877 et
840 3821 976 3877 eruere
1000 3820 1089 3895 pos-
1190 3854 1192 3862 s

82 3927 168 4000 sint.
208 3926 446 4000 -Necessaria
464 3941 663 4023 praeterea
689 3948 747 4004 est
765 3932 938 4025 cognitio
961 3948 1088 3999 rerum

84 4068 298 4151 gestarum,
333 4048 434 4156 quae
462 4055 605 4130 itidem·
631 4063 779 4154 magnis
808 4056 980 4132 tenebris
1004 4068 1093 4129 sunt
