2618 4626
500 392 558 420 ‘--
605 370 683 439 v‘rrr
734 360 784 423 ἓ·-

145 571 303 671 quibus·
322 571 424 647 locis
453 575 486 649 si
523 573 666 671 diutius
699 577 934 653 constitisset
957 577 1160 655 Bekkerus

145 704 187 777 et
210 705 295 798 ipse
328 700 514 776 nonnulla
545 702 683 779 melius
712 681 911 780 uecoesset
934 718 975 779 et
1004 728 1160 783 succes·

134 827 296 913 „aeribus
338 828 422 902 suis¹
453 851 631 926 eampum
668 829 889 906 liberiorem
923 834 1156 929 aperuisset,

145 954 284 1056 quibus
296 952 487 1029 interdum
506 957 644 1027 summi
662 957 732 1029 viri
750 971 791 1032 et
801 957 1013 1031 doctissimi
1026 973 1160 1033 aucto·

78 1100 81 1109 ’
145 1085 238 1156 ritas
262 1105 334 1181 pre
360 1079 572 1159 rationibus
596 1082 758 1159 suffecit.
820 1083 890 1159 Ad
921 1084 990 1159 has
1015 1087 1156 1162 editio·

96 1306 99 1310 ἡ
144 1231 215 1285 nes
239 1223 484 1285 aecesserunt
513 1211 612 1285 aliae
636 1212 851 1287 orationum
887 1225 928 1287 et
958 1225 1157 1288 oratorum

55 1396 57 1403 .
145 1338 402 1434 singulorum,
436 1338 643 1436 inquibus
677 1339 1036 1415 commemorandae
1064 1354 1158 1416 sunt

37 1490 49 1563 ᾖ
127 1467 321 1563 ‚inprimis
357 1487 448 1556 eae,
479 1489 574 1564 quas
604 1464 790 1544 debemus
822 1467 989 1555 Beckie,
1017 1465 1157 1543 -Fride

143 1595 226 1671 rico
244 1593 425 1689 Augusto
453 1591 613 1682 Wolfio,
638 1592 880 1694 Spaldingio,
903 1593 1153 1688 Buttmanne,

145 1717 470 1809 Wunderlichio,
505 1719 673 1808 Orellio,
713 1719 885 1815 Corayo,
922 1717 1154 1801 Godefredo

143 1848 317 1924 Henrieo
347 1843 557 1939 Suh'afero,
592 1846 770 1938 Bremio,
810 1847 1020 1926 Guilielmo
1054 1849 1158 1928 Diu·

37 2058 39 2063 .
139 1975 290 2062 nortio,
315 1975 517 2073 Pinzgero·

240 2229 463 2306 Secundum
485 2229 655 2308 editores
671 2196 879 2335 plurimum
904 2230 995 2307 huic
1018 2231 1154 2311 studio

142 2355 373 2458 profuerunt
394 2361 446 2444 ii,
479 2361 547 2457 qui
571 2373 702 2433 nostra
736 2362 921 2441 memoria
944 2361 1155 2460 antiquita·

44 2519 46 2524 ’
142 2500 222 2562 tem
246 2485 439 2574 Atticam,
470 2484 547 2576 jus,
579 2483 725 2578 judicia
753 2480 1015 2586 explicarunt,
1056 2511 1157 2588 quas

142 2636 206 2689 res
243 2635 360 2688 nemo
394 2627 484 2701 ante
519 2612 744 2710 diligentius
785 2629 1035 2706 tractaverat,
1077 2639 1157 2692 nee

28 2803 29 2806 ,
144 2758 227 2816 erat
251 2740 355 2817 unde
378 2753 514 2837 petere
538 2756 697 2839 possent
711 2741 884 2817 studiosi.
930 2742 1082 2834 Horum
1110 2747 1154 2817 in

142 2891 305 2943 numeru
337 2865 553 2967 reponendi
587 2883 677 2942 sunt
709 2867 928 2946 Friderieus
951 2870 1155 2966 Augustus

142 2995 334 3082 Wolfius,
384 2993 626 3087 Boeelrhius,
674 2995 889 3084 Matthiae,
937 2997 1153 3091 Platnerus,

142 3123 463 3211 Hudtwalkerus,
487 3121 798 3213 Schoemannus,
824 3123 1029 3199 Mauritius
1052 3125 1153 3202 Her·
1191 3218 1192 3221 Ἴ

142 3274 303 3324 mannus
315 3250 517 3326 Eduardus
530 3248 718 3340 Meierus,
744 3253 812 3351 qui
834 3274 935 3351 quae
959 3276 1020 3327 res
1038 3252 1152 3328 antea

25 3406 28 3413 ·
67 3433 71 3441 .
141 3381 182 3450 in
210 3377 444 3454 Graecorum
475 3380 628 3476 seriptis
657 3394 698 3454 et
729 3380 770 3450 in
802 3377 908 3477 libris
933 3385 1151 3476 grammati·

140 3528 274 3583 eorum
298 3523 470 3583 veterum
497 3504 656 3580 diffusae
672 3501 850 3598 iacebant
872 3528 918 3581 ae
941 3506 1150 3605 dispersae,

143 3633 438 3731 diligentissime
462 3636 739 3729 investigarunt
770 3655 911 3731 easque
942 3633 1148 3734 dispositas

143 3777 185 3838 et
213 3765 254 3835 in
285 3776 390 3869 certa
423 3761 611 3862 quaedam
642 3783 786 3858 genera
816 3762 1027 3861 descriptas
1059 3763 1148 3841 sub·

139 3890 317 3967 tilissime
366 3903 656 3991 pertractarunt.
723 3889 781 3964 lta
826 3893 992 3966 virorum
1041 3895 1147 3965 omni

140 4017 341 4095 doetrinae
393 4018 507 4095 laude
540 4021 820 4123 ¹praestantium
873 4016 1066 4096 beneficio
1108 4034 1147 4095 et
