2618 4626
585 363 854 472 -rsa-

215 624 307 674 tatem
341 609 402 669 hoe
438 605 511 666 loeo
552 603 679 666 subesse
715 578 810 662 facile
845 595 1119 661 animadverteris.
1159 600 1235 665 ‚Non

214 734 336 808 poterat
357 721 523 802 Lyeurgus
552 715 678 778 eandem
707 711 813 775 disere
841 710 998 776 fortunam
1019 711 1126 774 fuisse
1148 713 1238 778 Laos·

216 830 454 898 daemoniorum
492 842 522 891 et
550 824 803 900 Atheniensium,
839 823 926 907 quod
957 823 1064 908 ipsum
1095 826 1237 892 fortunas

216 968 329 1010 nomen
348 943 441 1005 nimis
463 955 509 1006 est
530 941 683 1002 insertum
704 952 735 1000 et
756 926 956 1022 ambiguum,
978 938 1061 1014 sed,
1078 935 1112 998 si
1136 938 1238 1003 vicisse

217 1057 481 1121 Lacedaemonios
517 1052 618 1116 voluit
647 1050 829 1126 ostendere,
864 1049 1049 1134 ponendum
1086 1065 1164 1115 erat
1190 1075 1238 1138 pro

218 1172 349 1256 ὁμοίαις
368 1182 445 1245 ταῖς
466 1171 586 1252 τύχοις
609 1168 790 1250 ἐχρήσαντο
820 1161 1007 1225 uocabulum
1038 1163 1238 1230 aliudesse

185 1298 189 1315 ¹
217 1286 356 1370 junctum
383 1283 424 1345 sb
454 1302 511 1358 eo,
544 1300 607 1364 quo
636 1278 758 1341 diversa
784 1274 1021 1340 Atheniensium
1052 1273 1237 1363 fortunaet

219 1396 349 1459 viatoria
373 1394 575 1479 designatur,
603 1390 698 1475 idque
727 1386 887 1452 delinitum
908 1401 1105 1468 etcertum,
1138 1405 1178 1455 nt
1195 1418 1238 1458 m.

221 1510 405 1592 ριεγένοντο
434 1507 497 1567 sive
519 1506 687 1590 κρείττους
709 1502 880 1586 ἐγένοντο,
911 1512 1129 1585 superarunt,
1148 1527 1238 1591 ‚aupa-

220 1623 326 1682 riores
345 1631 451 1695 erant,
472 1631 508 1681 ut
529 1639 585 1701 per
606 1616 757 1701 liguram,
778 1635 871 1698 quam
893 1633 1071 1696 oxymoron
1092 1617 1242 1682 rhetorici

219 1731 394 1817 appellant,
417 1730 534 1792 dictum
553 1735 649 1792 esset:
691 1725 931 1790 Lacedaemonii
952 1725 1105 1791 viserunt
1131 1732 1242 1795 l'ersrs.

219 1841 611 1926 HoosisensitLycurgus,
633 1841 841 1925 adjiciendum
858 1851 925 1901 erat
936 1838 1028 1917 illud,
1053 1843 1242 1924 quodnemo

202 1932 303 2021 ‚nerle
330 1937 564 2019 Atheniensium
590 1952 777 2039 ignorabat,
805 1954 903 2014 victos
933 1971 1000 2013 esse
1033 1952 1243 2020 Lacedaemo

220 2069 309 2145 nios3
338 2068 424 2153 quod
445 2068 506 2131 nisi
527 2067 713 2144 addidisset,
743 2066 914 2128 orationem
942 2085 1009 2127 eam
1032 2088 1095 2129 nee
1122 2093 1243 2156 gram

98 2204 102 2213 ’
220 2202 279 2245 neu
292 2194 421 2258 acutam,
443 2181 497 2243 sed
517 2178 653 2263 ineptam
669 2192 699 2240 et
719 2178 882 2240 ridiculam
901 2177 1002 2241 rideri
1020 2201 1162 2246 necesse
1179 2197 1242 2248 erat

219 2292 302 2355 Nam
330 2308 477 2356 oratores.
499 2305 562 2354 tam
588 2303 675 2386 naute
704 2302 734 2351 et
755 2290 950 2375 considerate
977 2310 1013 2351 ea
1042 2291 1164 2378 ligura
1185 2309 1243 2361 suut

102 2425 105 2431 ·
220 2406 288 2483 usi,
308 2421 343 2468 ut
363 2420 416 2469 aut
437 2407 606 2468 adderent:
634 2404 661 2464 si
682 2401 787 2463 dicere
806 2401 895 2479 licet,
924 2416 958 2465 ut
978 2402 1024 2464 ita
1046 2405 1183 2487 dicam,
1203 2421 1243 2472 sut

222 2518 403 2583 sententiam
433 2541 490 2602 per
519 2537 693 2600 oxymorou
722 2515 837 2577 dictam
865 2514 994 2598 adjectis
1025 2500 1145 2583 verbis
1183 2521 1241 2583 aliis

222 2631 439 2714 explanarent,
469 2652 532 2715 quo
559 2628 681 2690 facilius
710 2628 867 2690 auditores
894 2637 961 2690 earn
990 2630 1183 2695 orationem
1206 2633 1240 2694 iu·

221 2743 408 2828 telligerent.
449 2743 494 2805 lta
521 2741 699 2811 Dinarchus
730 2763 759 2824 p.
776 2741 826 2824 87.
858 2742 897 2803 de
926 2761 989 2825 quo
1023 2741 1105 2806 loeo
1143 2747 1237 2831 paullo

220 2868 294 2942 post
312 2857 405 2941 plura
426 2857 584 2921 disseram.
614 2868 644 2918 et
666 2845 741 2938 ipse
754 2853 920 2940 Lyeurgus
945 2877 975 2938 p.
995 2855 1075 2938 175:
1108 2848 1231 2944 οὐχ’ήτ

222 2971 389 3048 τηθέντες,
412 2973 485 3035 ἀλλ’
503 2969 747 3046 ἀποθανόντες,
773 2967 856 3032 ἔνθα
873 2969 1154 3054 παρετάχθησαν
1172 2974 1235 3055 dnh

120 3129 122 3135 ·
221 3094 279 3161 τῆς
299 3083 486 3165 ἐλευθερίας
508 3084 699 3165 ἀμύνοντες.
731 3087 760 3146 εἰ
782 3083 817 3145 δὲ
838 3084 887 3146 δεῖ
909 3083 967 3144 καὶ
991 3087 1237 3168 παραδοξο

222 3223 361 3263 τατον
391 3197 465 3279 μὲν
493 3199 656 3274 εἰπεῖν,
693 3197 812 3273 ἀληθὲς
842 3196 894 3274 δὲ,
932 3199 1054 3262 ἐκεῖνον
1084 3207 1238 3272 νικῶντες

223 3311 405 3375 ἀπέθανον.
449 3308 545 3371 Vides
566 3309 643 3392 jam,
673 3330 765 3393 quam
792 3307 926 3372 dilucido
946 3307 1123 3396 Lyeurgus
1147 3313 1239 3377 diuers

222 3423 342 3510 possit,
363 3423 450 3505 quod
471 3422 572 3484 sentit.
1128 3401 1136 3409 ³

301 3533 374 3598 dam
396 3534 435 3596 ad
456 3535 545 3620 aliam
565 3534 790 3610 difficultatem,
813 3556 906 3619 quam
926 3536 1018 3598 habet
1036 3535 1070 3599 h.
1085 3538 1125 3618 l.,
1148 3554 1240 3604 trans

222 3671 337 3713 miuus.
375 3647 451 3710 Nou
470 3646 596 3729 injuria,
620 3646 785 3733 Lyeurgus
807 3647 889 3724 dicit,
906 3648 1164 3714 Lacedaemonii
1180 3675 1243 3717 uuus

221 3760 467 3827 Atheniensibus
487 3761 524 3823 de
546 3760 678 3844 imperio
706 3762 951 3838 contenderunt3
979 3784 1053 3824 nam
1078 3765 1244 3850 utriusque

222 3875 358 3938 civitatis
378 3896 436 3959 pes·
455 3887 523 3937 arat
544 3874 651 3937 virtus.
694 3873 834 3960 Majores
857 3874 941 3936 enim
962 3875 1067 3938 nostri
1088 3874 1245 3941 barbaro-

220 4009 290 4051 rum
304 3989 409 4072 oopias
426 3988 549 4073 proelio
570 3988 611 4051 ad
622 3984 811 4050 Marathona
829 3987 977 4063 vicerunt,
1000 3988 1246 4077 Lacedaemonii

221 4115 321 4166 eutem
342 4104 412 4186 pari
433 4104 555 4187 quidem
581 4099 710 4163 fortuna
731 4113 803 4162 sunt
827 4100 897 4178 usi,
924 4102 983 4162 ssd
1001 4099 1119 4167 virtuto
1141 4123 1247 4169 omues
