2618 4626
453 428 847 506 *ηψπ-ω

150 640 224 705 Fin.
245 638 303 723 ill,
332 659 389 702 ar:
432 614 638 702 emolunento
674 653 704 704 et
744 642 928 703 detrimento
959 676 1001 691 -
1033 664 1163 728 quorum

150 754 252 816 altera
269 766 421 834 prosunt,
443 766 557 813 nocent
576 754 688 814 altero.
716 752 756 814 cf.
778 756 816 817 de
838 756 924 817 Petit.
948 758 1080 820 consul.
1101 762 1161 823 αὖ.

148 867 186 929 de
215 865 339 927 Amicit.
367 884 394 925 c.
409 863 446 927 8:
490 863 622 946 Pyrrho
644 899 683 911 -
705 867 881 928 Hannibale
909 878 950 915 -ὲ-
978 872 1027 932 ab
1063 875 1161 934 altero

147 977 303 1063 (Pyrrho)
317 1013 356 1028 —
375 977 507 1038 oderam
520 1010 569 1035 -·-.
592 976 700 1040 Livius
710 978 862 1055 XXXV„
872 1001 901 1041 c.-
912 1001 965 1042 ro:
997 985 1116 1063 Scipio
1127 1021 1162 1034 -

99 1100 102 1106 '
150 1078 557 1177 Quinctius-cilter-in
582 1091 735 1172 Quinctio.
763 1090 829 1154 Cic.
855 1091 894 1152 de
911 1091 1041 1172 Fiunt,
1072 1101 1160 1160 c.30:

146 1202 387 1287 Epaminondae
408 1236 447 1250 -
469 1202 688 1263 Leonidas-
710 1203 842 1265 alter-
857 1207 1025 1267 Leonidas
1049 1226 1160 1272 autern.

145 1319 181 1380 ln
204 1311 442 1401 pronominibus
463 1313 577 1400 igitur,
606 1313 674 1391 hic,
701 1315 772 1392 ille,
802 1316 897 1391 alter,
922 1318 1030 1395 alter,
1054 1325 1074 1384 ὁ
1099 1327 1163 1407 μέν,

146 1431 235 1508 ὁδί,
267 1429 364 1503 οὗτος
400 1429 475 1514 μέν,
512 1433 632 1506 ἐκεῖνος
658 1431 692 1494 δέ
725 1430 759 1491 in
790 1431 1058 1496 consuetudinem
1090 1437 1164 1499 abiit

144 1541 248 1629 figura
271 1539 408 1603 chiaami.

227 1655 342 1715 Rarius
380 1653 516 1716 chiasmo
546 1665 694 1730 utuntur,
728 1675 797 1716 cum
825 1653 917 1716 rerba
949 1654 1089 1741 singula
1117 1673 1164 1722 aut

110 1814 112 1819 -
145 1767 288 1854 singulae
325 1762 490 1830 sententiae
522 1767 603 1829 inter
631 1788 662 1829 ae
694 1743 904 1850 opnonuntur.
947 1767 1075 1834 Cicero
1109 1795 1163 1856 pro

144 1881 279 1944 Murena
305 1903 331 1942 c.
348 1880 402 1942 18:
434 1880 602 1942 Duceret
630 1879 823 1955 vehementer
851 1881 883 1942 in
904 1895 1059 1965 praetura
1090 1885 1164 1947 desi-

144 1995 266 2056 deratae
293 2006 383 2071 aunt,
414 2014 492 2077 quae
521 1992 627 2055 ambae
655 1993 689 2055 iu
711 1995 876 2057 consulatu
899 1994 1062 2057 Murenae
1092 2019 1163 2080 pro-

144 2106 287 2169 fluerunt:
315 2129 393 2186 una,
421 2108 606 2192 exspectatio
628 2112 765 2170 maneria
786 2134 851 2168 -.··
872 2110 989 2183 altera,
1021 2114 1120 2192 qnod,
1134 2114 1160 2183 ii,

142 2218 276 2304 quaein
297 2219 458 2303 provincia
480 2254 519 2270 -
540 2233 631 2282 testea
650 2220 819 2300 habuerat,
849 2220 989 2283 nondum
1018 2223 1160 2284 decesse-

142 2345 214 2395 rant
235 2368 284 2394 -.
314 2330 395 2394 Nam
416 2345 447 2394 et
469 2314 590 2394 Luculli
614 2337 776 2395 exercitur
793 2347 873 2396 -et
894 2357 1005 2396 monus
1030 2338 1157 2421 amplis·

144 2446 255 2507 oinium
272 2479 322 2506 -.
351 2445 434 2507 ldem
455 2444 591 2530 Philipp.
601 2434 651 2523 ΙΙΙ,
672 2467 698 2510 o.
708 2470 737 2532 9.
760 2448 894 2513 edictum
917 2448 1084 2533 quoddam
1100 2454 1157 2512 Aa·

141 2557 244 2635 tonii‚
279 2558 312 2619 in
341 2576 405 2641 quo
440 2572 506 2620 erut
541 2554 708 2642 acriptuini
749 2560 845 2623 Nulla
876 2561 1071 2622 contumelia
1104 2574 1154 2634 est,

144 2693 237 2756 quam
259 2671 349 2753 facit
380 2647 504 2754 dignus.
538 2671 582 2733 ita
612 2684 788 2754 percenset:
830 2672 969 2733 Primum
999 2676 1087 2756 quid
1114 2687 1156 2735 est

142 2785 286 2868 dignor?
306 2818 347 2832 ·-
376 2783 451 2868 quid
477 2796 523 2847 eat
549 2804 649 2866 porro
671 2785 790 2866 facere
821 2785 1052 2848 contumeliam.
1098 2807 1155 2870 pra

141 2896 293 2989 chotgro
321 2896 393 2962 att:
436 2896 569 2982 Reliqua
594 2919 666 2981 para
695 2897 902 2960 accuaationis
932 2898 1049 2982 duplex
1079 2900 1155 2960 fuit:

140 3016 203 3072 uria
224 3031 332 3094 regem
353 3031 474 3095 semper
494 3009 527 3071 in
550 3010 682 3094 apeculia
704 3009 816 3088 fuisse,
839 3021 934 3094 quum
955 3031 973 3071 a
992 3022 1024 3073 te
1047 3016 1156 3074 animo

82 3196 85 3199 Α
141 3133 221 3186 esset
248 3126 374 3201 alieno‚·
398 3124 505 3187 ¹ultera
530 3128 706 3187 exercitum
734 3144 804 3185 eum
831 3135 940 3184 contra
969 3133 1000 3184 tc
1027 3143 1156 3208 compa-

143 3257 238 3299 raaae.
287 3215 336 3298 De
361 3240 511 3299 excrcdu
544 3236 645 3298 dicam
680 3229 883 3298 breviter-
922 3234 1039 3297 Alieno
1074 3260 1095 3300 a
1127 3251 1157 3300 te

21 3372 24 3377 ·
142 3355 249 3413 animo
271 3349 341 3412 fuit.
362 3350 400 3411 dc
423 3350 558 3432 Har-usp.
579 3348 741 3431 responsio
760 3369 786 3409 c.
798 3348 853 3410 26:
888 3347 1039 3432 Sequitur
1063 3351 1155 3428 illud,

96 3485 101 3490 ·
143 3485 184 3526 ne
221 3463 430 3524 deterioribus
469 3461 664 3544 repulsisque
693 3458 795 3523 honor
828 3474 989 3546 augeatur.
1033 3466 1157 3546 Repul-

147 3597 204 3640 eoa
232 3574 409 3650 rideamua3
444 3596 514 3636 nam
542 3577 715 3635 deteriores
745 3573 799 3658 qui
826 3575 887 3637 aiat
914 3587 986 3658 post
1017 3577 1155 3640 docebo.

145 3710 204 3774 pro
242 3688 337 3750 Boeo.
371 3686 521 3751 Amerino
554 3689 651 3757 ulid:
690 3689 790 3750 dicum
817 3719 857 3736 ·-
884 3701 1005 3749 taceam
1034 3725 1077 3738 ·-
1108 3706 1155 3752 to-

142 3825 199 3865 ceo
222 3839 261 3852 -
280 3802 358 3864 dico.
381 3799 422 3863 cl.
443 3799 477 3862 ia
500 3800 590 3862 Verr.
602 3800 624 3874 Ι,
644 3819 671 3862 c.
681 3822 709 3886 7.
731 3799 770 3862 dc
792 3799 864 3862 Nat.
889 3800 1031 3878 Deonll,
1054 3803 1154 3866 ulio:

143 3937 277 4001 quorum
304 3918 449 3979 celeritas
481 3925 575 3998 utque
607 3916 659 3975 uia
687 3913 781 3974 nobie
805 3912 881 3995 ipaia
910 3914 999 3976 affert
1028 3918 1095 3977 uim
1124 3931 1157 3979 et

142 4031 343 4090 celeritatem.
371 4052 400 4091 r.
421 4028 602 4091 Ruhnken·
619 4027 659 4089 ad
685 4027 809 4088 Terent.
838 4048 869 4109 p.
887 4029 937 4108 37.
979 4027 1153 4093 Heindorf.

142 4141 182 4204 ad
203 4141 314 4205 Horat.
336 4135 469 4226 Satyri,
486 4143 515 4206 ὅ.
537 4139 644 4206 rous
667 4140 785 4203 Homer
805 4138 892 4201 lliad.
908 4139 955 4215 15,
976 4160 1097 4226 vza71:
