2618 4626
587 401 636 420 ··-
683 368 761 438 vm
811 358 861 420 '-

223 571 564 672 quibus'locis'si
601 572 744 669 diutius
778 575 1012 651 constitisset
1035 575 1236 652 Bekkerus

224 705 373 798 etipse
406 700 593 774 nonnulla
622 701 761 778 melius
790 680 988 778 tractasset
1012 717 1053 777 et
1083 726 1236 779 succes·

211 829 374 931 „roribus
401 829 500 902 *suis
531 850 709 925 campum
746 828 967 904 liberiorem
1002 832 1232 926 aperuisset,

223 955 362 1056 quibus
374 952 565 1028 interdum
585 955 722 1026 summi
740 955 810 1027 viri
829 969 869 1029 et
879 955 1090 1029 doctissimi
1105 971 1237 1030 aucto·

157 1102 159 1109 ’
223 1085 412 1180 ritas-pro
438 1079 650 1158 rationibus
674 1081 836 1157 suffecit.
898 1082 969 1159 Ad
999 1082 1068 1157 has
1093 1084 1234 1159 editio·

175 1306 178 1311 .
222 1232 293 1286 nes
317 1224 563 1285 accesserunt
591 1210 690 1283 aliae
714 1211 930 1285 orationum
965 1223 1006 1285 et
1037 1224 1235 1284 oratorum

223 1338 481 1434 singulorum,
514 1339 722 1435 inquibus
755 1336 1114 1412 commemorandae
1143 1352 1236 1412 sunt

125 1558 128 1565 1
223 1467 399 1563 inprimis
436 1487 529 1555 eae,
558 1487 653 1564 quas
683 1463 869 1541 debemus
901 1465 1068 1553 Beckio,
1100 1463 1235 1539 Fride·

222 1595 305 1675 rico
323 1593 504 1689 Augusto
532 1591 693 1680 Wolfio,
717 1591 959 1691 Spaldingio‚
982 1591 1231 1685 Buttmanno,

224 1717 549 1809 Wunderliohio,
584 1718 752 1807 Orellio,
792 1718 964 1814 Corayo,
1002 1715 1232 1796 Godofredo

222 1848 396 1924 Hearico
427 1842 636 1939 Schiifero,
672 1844 849 1936 Bremio,
890 1845 1099 1924 Guilielmo
1133 1847 1236 1923 Din-

113 1977 119 2064 ’,
218 1975 369 2061 ᾱοῐᾶο,
394 1975 597 2072 Pinzgero.

234 2272 238 2277 ·
320 2229 543 2307 Secundum
566 2228 735 2307 editores
751 2194 959 2330 plurimum
984 2229 1075 2304 huic
1098 2227 1233 2305 studio

221 2355 453 2459 profuerunt
474 2361 525 2444 ii,
558 2360 626 2457 qui
651 2371 782 2431 nostra
816 2359 1001 2432 memoria
1024 2359 1233 2458 antiquita·

124 2520 126 2525 ¹
222 2501 302 2563 tem
326 2486 519 2574 Atticam,
550 2484 627 2576 jus,
659 2483 804 2576 judicia
833 2477 1095 2584 explicarunt,
1136 2507 1233 2584 quas

129 2658 131 2662 2
222 2636 285 2691 res
323 2635 440 2688 nemo
473 2626 564 2701 ante
600 2611 824 2709 diligentius
865 2626 1115 2701 tractaverat,
1156 2597 1260 2687 neo

224 2757 308 2817 erat
331 2740 434 2816 unde
458 2754 594 2837 petere
618 2755 778 2838 possent
791 2739 964 2815 studiosi.
1010 2739 1162 2815 Horum
1187 2742 1231 2812 in

222 2893 385 2944 numero
417 2864 634 2967 reponendi
667 2882 757 2942 sunt
789 2864 1008 2944 Fridericus
1031 2867 1232 2963 Augustus

223 2995 414 3082 Wolfius,
465 2992 707 3087 Boeokhius,
754 2993 970 3082 Matthiae,
1018 2994 1231 3085 Ptarnerus,

222 3123 544 3212 Hudtwalkerus,
568 3121 879 3212 Schoemanuus,
904 3121 1109 3196 Mauritius
1132 3121 1231 3195 Her·

223 3275 383 3325 mannus
396 3249 598 3361 Eduardus
611 3248 799 3340 Meierus,
824 3252 893 3350 qui
914 3271 1016 3349 quae
1040 3273 1100 3324 res
1118 3264 1231 3323 antea

105 3408 109 3417 ·
148 3435 152 3442 .
222 3382 263 3452 in
290 3378 525 3455 Graecorum
556 3379 709 3474 scriptis
739 3393 779 3453 et
810 3379 851 3449 in
882 3376 989 3475 libris
1014 3380 1230 3473 grammati·

221 3530 355 3585 uorum
379 3522 551 3583 veterum
578 3503 737 3579 diffusae
753 3501 931 3597 iacebant
953 3526 999 3577 ac
1023 3504 1230 3602 dispersae,

224 3633 519 3731 diligentissime
543 3635 820 3728 investigarunt
851 3653 993 3728 easque
1023 3630 1228 3731 dispositas

225 3766 334 3838 etin
365 3775 471 3869 serta
504 3761 692 3861 quaedam
724 3781 867 3856 genera
897 3760 1108 3859 descriptas
1140 3759 1228 3835 sub-

221 3890 398 3966 tilissime
447 3901 737 3991 pertractarunt.
804 3887 862 3961 lta
907 3890 1072 3963 virorum
1121 3891 1229 3960 omni

222 4017 422 4095 doetrinae
475 4017 589 4094 laude
621 4018 902 4123 ¹praestantium
954 4014 1147 4093 beneficio
1189 4030 1229 4090 et
