2618 4626
423 424 473 439 -·
521 408 579 458 vn
629 413 697 440 -'·

41 592 288 698 superiorum
303 590 651 681 animadversiones
669 593 821 688 adjecit,
845 587 1048 671 sedetiam

41 731 132 826 ipse
156 744 233 823 qua
256 740 338 798 erat
360 720 575 796 admirabili
604 725 744 797 mentis
768 724 853 798 acie
884 723 1050 820 plurima

42 852 187 929 mendo
210 876 233 926 a
257 849 420 925 librariis
443 844 620 947 profecte
647 852 892 945 investigavit
924 872 1050 950 eaque

43 996 114 1057 aut
137 980 307 1056 correxit
329 991 394 1051 aut
424 979 588 1065 notarim
621 998 781 1072 magnae
806 982 920 1052 etiam
947 979 1059 1053 utili·

32 1111 138 1184 'tatis
157 1122 247 1181 sunt
279 1104 426 1180 indices
465 1128 592 1181 rerum
625 1120 664 1180 et
694 1103 915 1191 verborum,
934 1130 1049 1206 ,quos

49 1239 186 1337 partim
210 1239 307 1332 ipsex
326 1229 496 1307 confecit
518 1234 657 1331 partim
682 1233 731 1307 ab
762 1232 847 1308 aliis
877 1248 937 1309 est
970 1258 1053 1307 mu·

49 1376 185 1439 cuatus.
250 1360 394 1459 Nostra
427 1375 532 1434 aetas
575 1360 669 1434 duas
707 1360 810 1437 vidit·
846 1361 1051 1451 editiones,

44 1488 217 1593 quarum¹
242 1490 401 1564 aiteram
437 1492 540 1587 typis
575 1486 867 1564 describendam
903 1484 1050 1566 curavit

43 1618 281 1716 Neophytos
304 1615 448 1721 Duces,
473 1616 524 1692 de
547 1639 635 1716 qua,
661 1639 780 1715 quum
805 1620 847 1689 in
865 1618 937 1690 hac
955 1615 1051 1690 urbe

42 1770 126 1819 non
151 1747 384 1832 invenerim,
410 1749 628 1820 existimare
652 1767 734 1829 non
754 1747 975 1841 possum*);
1000 1744 1052 1817 al-

41 1890 168 1950 teram
195 1862 392 1947 Bekkerus
417 1873 540 1947 edidit
573 1873 693 1946 homo
723 1875 1055 1968 ingeniosissimus

41 2003 404 2098 scientissimusque
428 2001 582 2096 linguae
600 2000 772 2077 Graecae
789 2026 877 2075 curn
904 2003 1054 2073 univer·

39 2130 116 2201 sae
140 2139 218 2198 tum
243 2130 450 2225 praecipue
469 2129 758 2202 consuetudinis
774 2131 942 2202 Atticae.
979 2126 1055 2201 Hic

32 2275 195 2331 ¹summa
231 2264 320 2327 cur'a
359 2270 399 2329 et
429 2255 630 2352 diiigentia
669 2255 825 2329 codices
867 2256 1054 2354 plurimos
1093 2295 1098 2305 ·

42 2382 347 2479 pervestigavit,
396 2389 556 2472 omnia,
604 2386 646 2456 in
689 2383 829 2481 quibus
871 2383 973 2457 inter
1014 2400 1079 2457 se·

43 2506 336 2606 discreparent,
368 2513 407 2582 in
433 2513 643 2588 editionem
669 2534 775 2587 suam
805 2511 1055 2607 transcripsit,

10 2640 23 2735 .’ι
47 2654 175 2732 eaque
198 2658 240 2708 re
264 2642 470 2713 maximum
506 2642 767 2735 adjumentum
798 2636 1057 2711 subministra·

49 2764 103 2871 vit
133 2764 204 2850 iis,
241 2768 309 2863 qui
347 2767 532 2868 deinceps
564 2769 640 2842 hoc
677 2767 781 2840 idem
821 2788 959 2838 munus
993 2778 1059 2840 aut

48 2907 303 2987 susceperunt
327 2910 392 2968 aut
414 2896 629 2997 suscepturi
654 2908 752 2970 sunt.
799 2892 935 2991 Atque
960 2892 1058 2966 haec

48 3018 172 3093 editio
196 3019 373 3094 omnibus
398 3020 660 3122 superioribus
679 3022 796 3117 longe
814 3021 1056 3116 multumque

47 3160 228 3243 praestat
294 3148 375 3222 Sed
411 3151 505 3226 duas
537 3174 597 3224 res
637 3154 678 3220 in
713 3172 759 3223 ea
797 3147 1059 3222 desideramus

49 3294 197 3347 tumme
221 3281 453 3354 necessarias
479 3293 518 3353 et
533 3280 783 3384 utilissimas,
822 3273 1059 3370 explanatio·

50 3384 138 3473 nem
165 3400 336 3475 locorum
362 3406 611 3480 obscurorum
639 3419 678 3479 et
703 3403 917 3477 difficilium
943 3401 1057 3475 intel·

48 3524 172 3618 iectu,
207 3551 419 3630 eorumque
446 3536 514 3633 qui
549 3548 636 3605 sunt
669 3533 731 3607 vel
765 3533 959 3628 corrupti,
996 3516 1059 3602 uel

49 3657 189 3731 incerti
221 3673 261 3733 et
298 3659 433 3749 dubii,
471 3664 759 3760 inquisitionem
791 3632 987 3747 criticam3
1020 3661 1062 3730 in

110 3948 145 4020 ¹¹]
165 3949 204 4012 V.
225 3950 400 4037 Pinzgerus
421 3954 455 4016 in
482 3948 646 4040 prooemio
673 3953 714 4017 ad
739 3953 879 4040 Lycurgi
908 3965 984 4016 orat.
1014 3952 1062 4015 ed.

175 4053 245 4135 maj.
268 4074 300 4135 p.
316 4053 365 4138 59.
