2618 4626
494 348 769 398 2--V1—

149 532 429 621 circumfusae,
470 556 558 607 cum
598 551 771 609 oratores
804 555 866 607 res
903 531 1058 607 easdem
1094 535 1161 611 alii

151 665 274 747 aliter,
301 678 416 762 prout
439 658 516 735 fert
540 683 661 756 genus
679 683 888 744 causarum,
911 661 1062 736 soleant
1079 684 1160 759 nar·

151 816 236 865 rare
262 793 461 888 multoque
497 812 614 887 saepe
638 791 741 863 inter
774 810 842 861 eos
873 789 1010 877 major,
1043 810 1159 886 quam

57 896 59 901 ⁵
150 922 251 992 inter
283 932 454 992 caeteros
486 921 694 1021 scriptores
726 913 778 992 de
812 912 926 989 rebus
955 917 1075 1009 gestis
1112 919 1160 992 sit

23 1043 24 1046 ‘
150 1049 423 1126 controuersia·

189 1343 190 1347 κ
246 1300 327 1375 Sed
359 1322 438 1400 quo
471 1302 634 1392 majores
659 1295 903 1373 difficultates
932 1296 1050 1374 habet
1075 1323 1160 1378 ora·

93 1412 96 1417 ¹
149 1444 275 1521 torum
300 1413 589 1526 interpretatio,
614 1449 662 1501 eo
682 1429 802 1522 magis
827 1425 1015 1500 laudanda
1040 1440 1160 1526 atque

148 1555 371 1629 admiranda
395 1578 527 1628 eorum
561 1538 748 1627 industria
782 1569 860 1642 est,
895 1555 963 1652 qui
988 1551 1089 1625 nihil
1116 1577 1160 1629 ea

149 1707 192 1757 re
216 1682 529 1770 deterrebantur,
563 1686 769 1779 quominus
794 1680 884 1755 huic
906 1679 1036 1754 studio
1060 1685 1159 1755 mul·

148 1826 229 1886 tum
255 1813 440 1906 temporis
473 1824 514 1884 et
548 1830 690 1905 operae
723 1812 977 1906 impertirent.
1026 1809 1072 1882 ln
1098 1811 1175 1889 his

28 1973 31 1978 ·
148 1938 463 2038 praestantissimi
497 1951 538 2011 et
561 1939 718 2032 ingenio
754 1951 794 2010 et
816 1934 992 2010 doctrina
1023 1963 1157 2016 nume·

147 2065 258 2140 randi
282 2080 370 2140 sunt
389 2065 580 2140 Henricus
605 2061 823 2160 Stephanus
843 2063 976 2141 Gallus
1002 2080 1041 2141 et
1064 2066 1154 2143 Hie·

59 2240 62 2245 -
147 2217 329 2286 ronymus
347 2193 517 2270 Wolfius
542 2192 776 2278 Germanus3
800 2213 963 2288 quorum
989 2208 1150 2292 uterque

146 2322 354 2419 plurimum
389 2321 598 2417 opitulatus
623 2334 682 2393 est
712 2317 761 2390 ad
792 2331 987 2392 oratorum
1010 2324 1155 2419 scripta

146 2451 360 2522 accuratius
409 2446 607 2535 tractanda
652 2458 692 2520 et
716 2496 722 2511 -.
741 2445 1005 2538 intelligenda.
1070 2448 1155 2525 Hos

146 2597 286 2671 magno
301 2574 505 2662 intervallo
527 2585 754 2650 consecutus
776 2587 835 2646 est
857 2573 1047 2667 Taylorus
1069 2577 1155 2650 An·
1193 2623 1196 2631 ·

147 2703 253 2797 glus',
279 2703 346 2799 qui
372 2702 540 2778 editores
564 2704 783 2799 superiores
808 2705 986 2798 aequavit
1009 2725 1153 2777 sermo·

146 2833 206 2903 nis
232 2827 371 2904 Graeci
400 2834 581 2917 scientia,
607 2852 772 2911 morum,
797 2827 946 2924 legum,
970 2831 1063 2922 juris
1088 2855 1153 2904 co·

147 2960 322 3052 gnitione
348 2961 463 3047 etiam
488 2961 690 3054 superavit.
741 2957 911 3050 Tayloro
936 2958 1041 3055 apud
1056 2957 1151 3034 Ger·

146 3092 277 3159 manos
300 3089 485 3161 successit
508 3086 710 3171 Reiskius,
745 3084 862 3158 homo
888 3087 1071 3181 singulari
1096 3089 1151 3159 in·

146 3215 251 3309 genii
275 3201 471 3301 acumine,
497 3218 563 3312 qui
589 3215 761 3312 quamvis
786 3213 891 3285 nulla
915 3237 957 3287 re
981 3229 1151 3312 praeter·

146 3363 260 3438 quam
285 3344 445 3437 ingenio
481 3346 571 3419 satis
596 3356 770 3439 paratus.
783 3341 883 3416 hanc
911 3344 1151 3440 provinciam

145 3472 380 3564 susceperit,
414 3470 533 3543 multa
557 3485 704 3544 temere
724 3480 766 3542 et
787 3471 1005 3545 inconsulte
1029 3486 1150 3543 muta-

144 3598 253 3684 verit,
279 3597 389 3695 plura
414 3601 527 3673 etiam
554 3599 759 3695 depravata
786 3598 996 3696 reliquerit,
1022 3612 1152 3671 tamen

7 3723 16 3739 ⁸
144 3725 292 3819 optime
316 3724 367 3798 de
391 3727 467 3800 hoc
491 3727 702 3800 litterarum
721 3746 864 3820 genere
889 3729 1045 3800 meritus
1064 3747 1151 3799 esse

142 3854 415 3927 existimandus
441 3869 517 3940 est;
554 3875 640 3925 nam
671 3876 752 3926 non
782 3854 905 3926 solum
930 3852 1149 3948 complures

56 4043 61 4052 .
107 3958 110 3965 ¹
141 3979 298 4056 codices
315 3981 562 4065 straditiones
581 3993 730 4061 veteres
743 3983 845 4075 inter
868 4006 910 4057 se
929 3976 1093 4057 contulit
1108 3994 1148 4055 et

935 4292 950 4372 t
