2618 4626
597 425 923 491 —180—‘

228 628 314 704 Mihi
335 625 418 689 enim
442 622 521 685 nihil
533 621 624 684 ‘inter
653 633 818 704 utrumque
838 617 962 682 videtur
981 617 1158 681 interesse.
1199 618 1242 681 Di·

231 741 364 807 novimen
384 736 474 800 facile
494 745 623 819 apparet
643 732 677 793 in
698 732 764 794 bia:
794 736 832 796 oti
853 736 959 809 καλῶς
978 740 1032 816 τῷ
1053 741 1185 818 καιρῷ,
1211 741 1243 816 τᾷ

231 857 316 940 λόγῳ
336 855 483 937 χρῆσθαι
504 860 535 910 et
556 851 593 912 οὗ
609 849 700 929 καλῷ
720 854 766 929 τῷ
787 845 882 930 λόγῳ,
901 855 950 930 τῷ
965 854 1075 931 καιρῷ
1098 850 1243 929 χρῆσθαι.

231 971 267 1032 ln
290 963 435 1037 isocratis
457 962 574 1046 Paneg.
597 959 652 1021 l.l.
681 979 742 1042 pro
764 978 821 1035 eo,
848 957 935 1043 quod
959 969 1009 1021 eat
1036 959 1073 1018 iu
1096 957 1243 1042 plerisque

232 1077 393 1143 codicibus
415 1089 445 1137 et
464 1075 497 1135 in
519 1070 709 1136 editionibus
729 1070 961 1155 superioribua:
993 1073 1043 1134 οὐ
1050 1095 1075 1154 χ
1100 1072 1242 1155 ὁμοίως

233 1199 315 1278 ἐχρη.
345 1189 507 1253 Beldterua
521 1185 623 1247 dedit:
647 1186 693 1247 od
701 1209 723 1268 χ
743 1185 920 1270 ὁμοίαις
942 1188 1030 1269 ἐχρπ,
1051 1195 1094 1244 ut
1113 1184 1241 1268 acriptm

233 1317 279 1369 eat
300 1307 333 1366 in
353 1301 459 1365 codiee
479 1297 605 1373 Urbim,
627 1309 658 1358 et
677 1295 739 1380 jam
759 1309 849 1359 autea
869 1295 913 1359 ita
933 1294 1082 1359 ediderat
1102 1293 1239 1379 Corayat,

233 1439 302 1481 cnm
330 1415 369 1476 in'
386 1411 528 1474 oratione
557 1408 596 1472 de
616 1409 711 1487 Ant,
740 1408 774 1470 in
801 1431 864 1493 qua
893 1408 946 1471 illa
966 1407 1175 1492 panegyrici
1193 1427 1242 1491 put

232 1526 402 1612 repetitur,
438 1520 623 1605 adjectivum
657 1520 841 1599 invenisset,
878 1545 909 1584 v.
937 1540 1019 1605 quae
1048 1519 1142 1583 dicit
1174 1517 1242 1594 'ML

232 1663 264 1726 p.
274 1643 324 1710 43.
353 1635 510 1721 Spobuius
533 1646 634 1695 autem
655 1634 835 1696 adverbium
856 1631 1001 1709 retinnit,
1025 1630 1119 1695 hanc
1140 1653 1245 1696 canaan

233 1751 400 1836 adjiciente
444 1745 664 1825 „Adverbium
693 1746 787 1808 simili
814 1747 908 1809 modo
930 1745 1061 1808 additur
1086 1745 1245 1808 -Helen

234 1884 301 1928 eun.
322 1882 350 1924 c.
368 1879 421 1922 aa:
464 1856 588 1920 Nieool.
610 1878 636 1918 o.
653 1859 682 1921 5.
713 1881 794 1943 quoe
820 1860 908 1921 locoa
934 1871 1054 1920 temere
1074 1871 1187 1921 mutat
1205 1857 1246 1922 Co

233 1981 361 2059 νομοί*
403 1962 511 2033 Helen.
535 1991 602 2033 eno.
624 1991 716 2033 cio:
748 1977 786 2035 οὐ
815 1973 878 2057 γὰρ
902 1973 1003 2043 μόνον
1034 1985 1118 2050 τοῖς
1151 1972 1246 2042 ὅπλοις

235 2089 464 2172 ἐκοσμήσαντο
485 2086 832 2167 παραπλησίοις,
860 2085 950 2148 ἀλλὰ
970 2087 1136 2163 καὶτοῖς
1160 2092 1246 2162 ἔπιτε

162 2249 165 2255 -
233 2203 397 2286 datiuum
421 2200 603 2283 ἐχρήσαντο
632 2210 720 2273 τοῖς
750 2200 911 2272 αὐτοῖς.
955 2196 1000 2259 ita
1032 2191 1187 2263 correxii
1205 2196 1246 2263 Cb

232 2334 327 2397 rayuc
354 2333 413 2396 pro
430 2301 693 2392 ’παραπλησίοις,
714 2305 762 2370 ¹ut
782 2309 815 2369 in
838 2309 928 2371 codd.
950 2307 1113 2393 scriptum
1142 2314 1248 2379 iuvene·

233 2438 300 2500 τοῖς
339 2436 432 2506 atque
466 2424 541 2485 baec
577 2407 747 2485 emendatio
782 2421 943 2483 verissima
974 2427 1196 2506 comprobata
1216 2439 1248 2490 att

233 2536 417 2601 auctoritate
444 2534 535 2596 codd.
566 2534 718 2610 duorum,
744 2554 824 2617 quoa
852 2533 1012 2596 Bebkerua
1042 2537 1080 2598 iu
1115 2561 1179 2604 aua
1203 2538 1247 2604 edi·

233 2649 318 2712 tione
339 2659 385 2709 eat
404 2657 533 2708 occutus.
575 2645 696 2706 Nieoel.
718 2645 791 2707 ob:
815 2650 858 2722 εἰς
881 2647 1023 2712 ἅπαντα
1050 2652 1123 2719 τὸν
1146 2664 1246 2738 χρόνον

214 2763 291 2827 ’καί
318 2759 381 2835 τὰς
412 2758 539 2834 εὐνοίας
568 2758 683 2842 ὁμοίας
714 2756 855 2840 ἔχουσιν.
884 2759 924 2821 ad
948 2762 1088 2843 queml.
1117 2765 1247 2850 Corayut

232 2875 319 2952 Ὴί,
338 2896 370 2957 p.
381 2871 436 2939 25:
459 2870 493 2938 ίν
514 2897 585 2938 τινι
607 2879 672 2936 τοῖν
687 2873 899 2957 ἀντιγράφων
920 2875 977 2936 καί
993 2877 1094 2959 παρὰ
1119 2887 1244 2967 τῷΣιο

137 3005 142 3011 ’
232 2990 319 3076 finita
336 2987 475 3071 φέρεται
504 2988 593 3062 ,,καὶ
613 2985 676 3061 τὰς
698 2989 826 3063 εὐνοίας
848 2987 994 3071 ἔχουσι.“
1016 2987 1124 3054 ‘abeat
1146 2994 1246 3079 ὁμοίας

233 3101 328 3168 etiam
347 3098 455 3161 a‘cod.
477 3096 648 3174 Urbium,
676 3100 876 3183 quamobrem
904 3099 1070 3163 Beitlterua
1100 3102 1172 3168 hoo
1199 3125 1247 3167 ver·

231 3216 308 3279 bum
337 3209 467 3276 austnlit.
518 3208 580 3272 Sed
606 3209 640 3270 in
668 3211 863 3297 Panegyrico
890 3214 1021 3296 ὁμοίαις
1050 3215 1247 3280 scribendum

232 3339 280 3393 cet
313 3322 532 3389 concinnitatis
567 3341 676 3399 causa,
715 3345 785 3387 oum
822 3325 982 3396 antecedat
1016 3325 1083 3403 τὰς
1127 3332 1247 3414 τόλμας

232 3441 353 3518 ίσας;
375 3434 563 3518 eandemque
583 3434 624 3496 ab
645 3424 767 3501 caueam
784 3439 818 3498 in
834 3437 904 3501 Hel.
926 3459 991 3500 ene.
1009 3436 1249 3522 praeferendum

233 3567 281 3620 eat
308 3549 564 3637 παραπλησίοις.
606 3547 701 3632 Apud
720 3550 915 3636 Lycurgum·
931 3553 1195 3634 anteponendum
1213 3552 1249 3617 vi·

232 3667 325 3732 detur
352 3685 417 3728 ecca
447 3660 648 3740 adverbium,
685 3683 754 3725 cum
791 3663 877 3747 quod
902 3662 1063 3754 librorum
1094 3687 1248 3730 mennaei.

183 3835 185 3842 .
231 3769 385 3845 oonseuau
413 3771 633 3850 confirmatur,
663 3787 728 3837 tum
757 3777 843 3860 quod
864 3776 1023 3859 sequitur:
1057 3783 1153 3846 πολὺ
1174 3782 1249 3846 πάν·

231 3921 296 3960 των
316 3897 500 3978 διήνεγκαν.
529 3889 694 3975 Lycurgus
716 3887 835 3972 p.175:
857 3901 930 3963 τοῖς
951 3890 1109 3979 ἀρίστοις
1134 3893 1249 3978 ἀνδρά-

229 4033 285 4077 σιν
307 4008 339 4085 ἑξ
360 4007 435 4070 icoo
455 4012 521 4070 τῶν
543 4004 702 4071 κινδύνων
732 4003 977 4087 μετασχόντες,
1007 4007 1071 4091 οὐχ
1091 4010 1251 4092 ὁμοίως

165 4208 167 4212 Ι
225 4130 284 4199 τῆς
304 4123 404 4207 τύχης
428 4118 654 4195 ἐκοινώνησαν.
690 4111 787 4202 Quod
810 4115 984 4215 i'incgetua
1004 4116 1249 4205 interpretator:
