2618 4626
522 394 569 408 -
618 364 689 431 roo
743 358 797 405 '-'

145 565 216 643 Ob,
246 576 384 650 propter.
414 585 445 646 p.
454 567 504 633 Io.

119 786 351 870 -Participium
377 799 408 848 et
428 787 538 849 modua
567 786 675 850 finitus
696 799 922 871 permutantur.
950 787 1012 852 160
1035 822 1072 839 -—
1094 789 1137 852 165.

226 899 425 983 participium
457 898 640 983 imperfecti.
673 910 740 986 174.

90 1058 94 1069 .
143 1013 322 1098 permittere
343 1011 438 1074 alicui
459 1011 498 1074 do
518 1012 623 1098 aliqua
643 1035 687 1078 ro.
716 1012 766 1076 61.
837 1016 840 1021 ’

143 1125 389 1209 praepositiones
418 1146 490 1187 oum
518 1104 693 1189 accusativo
725 1139 757 1188 et
784 1120 922 1188 ablativo
959 1130 1132 1213 compositu

227 1241 267 1303 53
288 1274 329 1288 -
353 1237 403 1301 36.
446 1239 713 1323 praepositionum
746 1237 936 1314 collocatio,
976 1242 1068 1302 πολὺ
1100 1246 1129 1305 oti

225 1355 414 1436 φρονήματι
447 1354 572 1434 μείζονι
611 1366 641 1416 ct
676 1352 768 1415 simil.
804 1350 854 1414 56.
878 1349 930 1437 57.
977 1351 1070 1414 Adde
1095 1348 1133 1415 Cit

142 1542 146 1551 1
224 1463 316 1527 Brut.
343 1485 368 1526 o.
387 1463 443 1529 65:
471 1468 515 1563 qd
530 1466 638 1548 paullo
659 1466 856 1545 superiorem
885 1475 1036 1531 aetatem.
1065 1489 1087 1530 o.
1101 1467 1134 1536 fit:

226 1599 294 1640 cum
314 1576 408 1639 multo
429 1578 602 1659 majoribus
622 1591 696 1640 natu
717 1614 757 1625 —
778 1598 848 1640 cum
873 1577 1051 1661 altpuanto
1071 1583 1136 1641 mino

224 1691 360 1750 ribus-
369 1712 438 1752 cum
450 1692 611 1776 aliquanto
623 1693 796 1774 superiore.
818 1688 902 1773 Epp.
914 1689 1041 1757 Famil.
1051 1691 1136 1768 VLri:

205 1803 328 1866 multo
350 1805 382 1865 in
409 1806 563 1887 graviore
587 1824 672 1867 cora.
712 1804 781 1866 Liv.
797 1802 891 1880 VIII,
913 1805 973 1870 15:
1003 1808 1138 1870 admotu

225 1937 247 1977 a
265 1918 385 1997 paucis.
429 1913 494 1978 Cio.
522 1915 556 1975 in
581 1915 717 1979 Verrem.
735 1916 781 1993 II,
799 1916 830 1992 1,
853 1916 911 1979 15:
944 1920 1052 1982 multo
1077 1921 1135 1982 etita

226 2048 274 2089 ex
300 2030 441 2090 maximo
467 2039 563 2111 parte.
597 2049 660 2113 quo
690 2029 762 2090 looo
789 2027 844 2090 aIii
870 2029 971 2094 codd.
994 2037 1132 2097 ,omittunt

225 2141 325 2205 etiam.
345 2162 403 2225 pro
424 2140 555 2230 QuintIo
578 2141 649 2206 αὖε
671 2164 765 2227 quam
780 2144 908 2206 minicea
922 2165 1001 2211 cum
1018 2149 1135 2215 molootit

144 2254 334 2338 praepositio
363 2274 428 2315 noo
457 2254 617 2337 repetitur.
650 2275 688 2340 9²
709 2294 748 2307 ·-
770 2256 820 2342 95.

134 2477 266 2542 Vultus.
299 2482 480 2563 ὀφθαλμοί.
515 2502 582 2544 rto.

517 2854 774 2975 Corrigenda.

225 3087 351 3173 p.XIII‚
372 3088 427 3151 lin.
442 3088 498 3152 ult.
520 3087 622 3157 scribo
636 3091 782 3152 carebam
799 3110 858 3175 pro
876 3093 1052 3158 cavebam.
1072 3117 1096 3179 p.
1103 3090 1131 3161 it,

143 3201 164 3264 l.
191 3220 235 3287 17.
258 3216 289 3262 et
308 3223 366 3285 pro
387 3201 488 3286 priori
509 3216 566 3264 est.
609 3225 639 3286 p.
651 3201 705 3280 63,
730 3203 750 3266 l.
776 3208 822 3269 15.
847 3198 1133 3295 συνὲκοινολογεῑτῡ

15 3348 17 3354 ι
142 3336 203 3398 pro
220 3328 493 3399 covoeowoyctoo.
516 3339 546 3400 p.
561 3319 628 3393 103,
643 3314 664 3380 I.
678 3318 725 3380 13.
750 3340 776 3381 c.
791 3317 835 3382 16.
857 3340 919 3401 pro
936 3344 964 3384 e.
982 3322 1032 3386 16.
1054 3346 1081 3406 p.
1091 3323 1134 3382 toto

142 3426 198 3487 lin.
218 3427 273 3490 ult.
296 3451 351 3509 cur
369 3449 429 3510 pro
451 3449 527 3492 cum.
555 3453 585 3512 p.
606 3433 673 3512 159,
694 3429 715 3492 l.
728 3449 780 3492 ao:
811 3430 967 3494 dubitabit
990 3459 1052 3519 pro
1073 3427 1136 3495 dubi

141 3543 225 3604 tavit.
255 3565 285 3626 p.
301 3522 374 3619 155,
402 3539 484 3605 Ios).
514 3542 581 3604 dele
604 3541 735 3604 altorum
756 3566 836 3606 esce.
879 3545 1009 3610 Mende
1033 3547 1137 3621 leviora,

141 3666 176 3714 ut
196 3655 362 3734 ἀπάσαις,
393 3657 574 3738 ἀκράσίαν,
601 3659 809 3735 Ψεύδεσὸαι,
838 3658 1076 3740 ἐξαπατῆσαι,
1100 3660 1137 3720 σὲ·

142 3767 196 3831 δέν
204 3813 213 3842 ,
237 3766 448 3844 Herodianus,
470 3793 540 3846 νεος
553 3803 592 3817 -
605 3773 726 3855 φαγής,
748 3775 809 3846 rica
825 3805 864 3821 -
875 3774 1049 3855 γκάζοντο
1068 3769 1139 3837 faciit

141 3877 244 3961 quiris
265 3881 493 3947 animadvertet.
