2618 4626
426 390 487 478 ¹-
538 438 607 519 109
657 461 704 477 -

155 635 194 693 Η.
217 629 329 692 Wolfii
351 631 528 713 conjecture
548 641 612 692 est:
635 636 960 715 μαρτυροῦμαι,
983 652 1077 714 quam

73 757 156 807 recte
186 742 333 804 refutavit
354 742 548 804 Reisitinsv.
569 739 674 801 lexica.
718 739 924 803 verisimilius
955 742 1077 815 videtur
1104 716 1106 725 .
1153 766 1159 789 ι

72 856 160 939 quod
181 853 263 916 idem
285 855 324 916 H.
345 853 482 933 Wolfine
510 851 659 936 judicavit
686 855 983 936 promittenda
1005 855 1078 917 sori-

72 967 208 1028 bendnm
229 987 295 1028 esee
314 967 517 1031 πολιάδα.
558 964 599 1027 V.
621 963 724 1025 Bremi
743 965 783 1026 ad
803 965 948 1031 Aeschin.
967 988 998 1050 p.
1007 966 1078 1031 383.

74 1082 217 1158 Attamen
238 1098 303 1139 non
324 1079 422 1142 audeo
450 1077 594 1139 damnare
616 1078 797 1153 πολίτιδα,
824 1098 882 1139 nen
903 1101 1009 1141 verum
1034 1092 1083 1142 est*

75 1192 161 1276 qnod
178 1274 180 1282 .
198 1190 307 1250 scribit
333 1190 373 1252 ad
400 1191 483 1249 hune
517 1189 621 1250 lucum
646 1187 805 1251 Reisltius:
845 1192 1006 1267 ,,πολίτις
1035 1204 1082 1253 est

76 1304 153 1367 civis
172 1303 326 1378 foemina,
355 1301 440 1386 quod
459 1301 498 1363 de
524 1299 589 1361 Dee
611 1320 675 1362 non
696 1314 876 1383 usurpatum
898 1309 978 1364 est.“
1018 1303 1083 1365 Lu·

76 1419 155 1480 aian.
178 1416 215 1476 Τ.
233 1413 295 1490 VI,
323 1436 354 1496 p.
378 1413 449 1473 180:
481 1415 521 1477 τὸ
543 1414 678 1497 χρυσίον
706 1423 750 1495 τῇ
771 1415 978 1479 Ιπολίτιδι
1006 1420 1085 1501 θεῷ
1187 1455 1189 1459 -

76 1533 181 1597 πάλιν
203 1527 383 1591 ἀπέδωκαν.
414 1547 442 1586 v.
466 1522 597 1586 Siebelis
619 1522 658 1584 ad
675 1522 807 1589 Pausun.
825 1525 862 1587 Τ.
877 1526 938 1606 ΙΙΙ,
967 1552 998 1613 p.
1012 1531 1082 1601 243.

78 1643 268 1727 Wesseling.
290 1638 329 1699 ad
350 1635 483 1699 Diodur.
504 1634 576 1710 ΤΛ,
597 1655 627 1716 p.
637 1632 687 1699 35.

515 1784 659 1905 num..

184 2006 464 2090 μαρτύρομαι
483 2037 524 2052 -
544 2001 599 2066 ότι
628 2012 691 2067 τοῦ
721 1981 827 2090 δήμου
856 2007 1085 2089 παραδεδωκό-

83 2146 140 2198 τος
158 2127 240 2204 ὑμῑν
262 2119 604 2209 τιμωρήσασθαι
624 2116 685 2183 τόν
707 2119 869 2199 εἰληφότα
888 2144 934 2191 τι.
999 2137 1002 2143 ’

163 2311 209 2373 lta
238 2332 273 2374 ex
303 2322 438 2394 quatuor
459 2309 551 2373 codd.
581 2309 679 2373 edidit
706 2308 868 2372 Bultkerus
894 2329 953 2394 pro
982 2310 1086 2396 vulga

82 2427 141 2489 οὐκ
169 2426 436 2507 ἐτιμωρήσασθε,
474 2422 561 2506 quod
595 2436 776 2506 corruptum
806 2442 870 2507 esse
900 2442 991 2485 nemo
1023 2444 1089 2498 nun

83 2537 174 2597 videt.
215 2534 265 2596 Ad
288 2535 341 2599 ότι
361 2536 448 2619 'quod
468 2533 622 2619 pertineat
642 2535 721 2620 nihil
743 2534 842 2598 estin
864 2535 921 2610 iia,
943 2542 1023 2618 (suae
1044 2556 1090 2598 se·

84 2660 237 2733 qunntur3
265 2648 302 2709 de
323 2671 385 2731 qua
405 2646 601 2711 anacoluthia
622 2646 781 2711 verissime
808 2647 997 2732 judicaveris
1017 2668 1089 2710 eum

83 2760 235 2823 Fischero
263 2759 302 2819 ad
322 2759 462 2821 Platonis
484 2757 562 2822 Crit.
584 2761 699 2844 p.116.
728 2773 758 2823 et
778 2780 848 2822 uum
868 2758 1107 2824 Bornemnnno'

85 2875 126 2936 ad
145 2871 291 2955 Xenoph.
314 2868 554 2965 Convinpqta

477 3038 480 3043 Ι
516 3068 592 3173 Peg.
610 3074 664 3169 ΙΙΙ.4
759 3094 761 3098 ·

189 3243 221 3301 oi
242 3243 299 3323 μὲν
321 3242 433 3326 ἐχθροί
453 3241 511 3302 καίΙ
531 3240 669 3306 κακόνοι
690 3247 761 3316 τῆς
782 3243 943 3317 πόλεως
962 3274 1003 3288 -
1018 3238 1093 3305 ὅσοι

89 3353 123 3414 δὲ
142 3341 230 3415 Ιεὖνοι
250 3365 321 3428 τοῖς
342 3353 509 3438 ὑμετέροις
536 3353 720 3437 πράγμασι.

171 3546 291 3607 Laudat
311 3545 393 3606 hunc
413 3546 516 3608 locum
538 3545 742 3611 Marklandns
774 3547 814 3608 ad
833 3544 960 3628 Lysiam
981 3567 1011 3627 p.
1023 3542 1093 3608 603.

90 3660 129 3721 ad
157 3659 349 3742 probandam
377 3657 507 3721 formam
536 3659 704 3744 pluralem
735 3658 805 3722 vide
836 3658 970 3740 exempla
995 3655 1035 3717 ab
1057 3678 1094 3718 eo

91 3773 181 3833 allata
203 3784 233 3832 et
253 3771 364 3848 ledon,
397 3772 480 3833 unde
502 3771 612 3857 colligi
640 3784 743 3855 potest
762 3773 922 3844 κακόνους
950 3790 1019 3830 cum
1042 3768 1096 3830 da-

92 3886 155 3944 tivo
187 3883 337 3967 conjungi
367 3883 473 3946 solere.
522 3883 638 3945 Eadem
671 3898 717 3946 est
745 3883 826 3946 ratio
856 3880 943 3944 verbi
975 3880 1094 3958 είνοος.

34 4057 40 4064 ,
92 3997 264 4073 Genitivns,
287 4017 378 4080 quem
401 3995 576 4058 Dinarchus
595 3996 712 4080 posuit,
733 3997 828 4059 verbo
842 3995 964 4079 ἐχθροί
984 3993 1095 4079 magis,

93 4130 185 4209 quarn
206 4096 304 4171 vei-bu
324 4111 460 4173 κακόνοι
480 4110 634 4189 conuenit.
