2618 4626
595 437 644 456 -
688 411 766 481 sss
814 438 864 457 -

221 606 279 671 usit
298 607 369 670 dsrn
399 618 487 669 soust
505 604 558 671 fdr
577 603 627 667 die
657 625 719 666 ron
741 604 843 670 Seiten
875 605 929 670 dea
950 607 1121 697 Areopago
1152 633 1239 677 suso·

222 720 390 781 stellenden
431 715 614 781 ferrulioheu
648 717 931 805 Unteraochungeu
970 723 1240 807 gehriuohliohen

219 830 405 905 Ausdruch,
432 855 484 894 um
505 830 697 895 hemerhlich
726 854 766 893 zu
784 832 931 910 macheu,
961 835 1021 896 wie
1049 837 1241 923 auverlisaig

114 954 117 959 '
219 944 276 1005 das
297 942 439 1008 Reaultst
467 945 523 1006 der
550 944 697 1005 letztereu
725 964 796 1026 aoy,
827 945 867 1006 da
895 966 927 1008 es
954 946 1010 1007 mit
1040 947 1100 1009 der
1125 949 1241 1011 Prirat

219 1056 368 1140 meinung
399 1057 484 1120 einos
505 1057 594 1142 jeden
624 1046 880 1120 uberrinst'imnt.
921 1058 979 1121 His
999 1058 1132 1142 laqueis
1155 1083 1190 1125 se
1207 1062 1240 1124 ir·

218 1165 323 1230 retivit
348 1167 633 1244 virulentissime,
666 1168 720 1251 qui
749 1181 838 1237 certa
857 1169 959 1255 primo
987 1171 1096 1234 statim
1120 1187 1239 1258 asperto

219 1278 374 1340 Dinarchi
405 1281 586 1357 sententium
605 1279 704 1364 proha
734 1294 941 1366 perspexerat.
981 1282 1065 1346 Nam
1091 1283 1125 1347 si
1145 1307 1185 1349 ea
1203 1290 1238 1349 'est

202 1393 312 1477 hujus
341 1393 405 1455 loci
433 1395 602 1472 sententis,
643 1414 735 1477 quam
765 1393 939 1480 Pinzgerus
970 1397 1237 1474 esse'contendit,

219 1505 295 1590 quid
316 1519 417 1589 potest
436 1527 505 1568 essa
523 1505 666 1590 planius,
688 1504 766 1590 quid
786 1508 886 1592 megia
905 1507 1142 1592 perspicuum?
1173 1510 1238 1573 Noa

112 1698 116 1705 x
217 1633 285 1681 erat
313 1619 429 1703 igitur,
465 1640 521 1712 cur
549 1618 727 1682 Dinarchus
758 1631 905 1704 tanquuru
935 1619 1099 1704 interpres
1132 1622 1238 1709 uliquis

217 1754 323 1796 rarum
344 1732 548 1793 obscurarum
579 1733 759 1795 senteutiam
787 1754 873 1796 suam
901 1732 1105 1816 explanaret,
1143 1733 1238 1799 dissu-

85 1847 90 1856 '
217 1858 359 1930 teretque
379 1843 555 1928 caliginem,
576 1867 655 1927 quae
675 1845 759 1907 nulla
784 1857 860 1907 erat.
889 1842 967 1908 Sit
957 1858 1065 1930 itaqua
1089 1847 1236 1932 quaeda·

217 1958 310 2042 hujus
331 1957 395 2019 loci
417 1956 590 2020 obscuritas
613 1978 736 2020 necasse
755 1969 820 2034 eat,
841 1954 902 2021 nisi
922 1956 1130 2023 Dinarchum
1150 1959 1235 2024 vert·

217 2069 323 2133 inania
356 2082 387 2132 at
419 2090 609 2157 supervacua
639 2050 757 2133 fudisse
789 2081 966 2132 statuamus.
1007 2069 1052 2133 Et
1083 2086 1175 2137 certo
1200 2085 1235 2137 ea

216 2204 252 2245 ea
287 2183 460 2245 obscuritas
497 2179 531 2240 in
569 2201 626 2260 oo,
668 2182 753 2267 quod
791 2179 868 2244 dicit
893 2182 1102 2269 Areopagum
1123 2185 1235 2273 popuii

216 2294 306 2379 jussu
326 2309 356 2357 et
376 2291 522 2356 mandatu
542 2290 691 2357 hahuisse
712 2276 921 2378 quaestionem
942 2293 980 2356 de
1000 2297 1154 2378 pecuniis
1168 2301 1235 2363 flu.

216 2407 345 2490 palicia,
366 2427 482 2491 eaque,
512 2427 591 2489 quae
613 2406 794 2490 quaestione
816 2406 1033 2490 comperisset,
1055 2409 1103 2472 ad
1126 2411 1234 2496 judicas
1296 2384 1299 2393 ¹

215 2519 361 2584 retulisse
382 2520 419 2581 de
440 2518 559 2602 populo
581 2531 700 2583 creatos
722 2518 756 2580 id
771 2530 823 2581 'est
842 2520 882 2582 ad
902 2520 1078 2604 populoru,
1103 2524 1165 2609 qui
1182 2524 1234 2611 jau

215 2643 288 2692 aute
317 2632 354 2693 de
382 2651 418 2692 re
447 2630 553 2692 eodem
580 2630 790 2714 quaestionem
818 2630 970 2714 habuerat
995 2633 1030 2696 id
1064 2649 1119 2699 est
1139 2636 1233 2723 ioqui
1280 2630 1284 2637 ’

215 2744 315 2807 raudo
358 2763 480 2806 causam
522 2758 733 2828 compererat3
772 2744 909 2828 dicitque
940 2742 1128 2812 Dinarchus
1166 2750 1232 2811 haro

194 2857 429 2942 .quaestionem
460 2855 598 2919 hahitsm
627 2877 693 2919 ease
717 2867 748 2917 et
768 2856 808 2919 ah
830 2857 999 2941 Areopago
1020 2871 1055 2920 et
1076 2881 1098 2923 a
1125 2861 1227 2949 popoh

213 2969 412 3033 Atheniensi.
450 2968 546 3058 Quod
568 2969 655 3030 nullo
678 2968 771 3029 modo
790 2967 860 3030 fieri
882 2989 973 3052 possa
990 2969 1153 3038 Reislsius
1174 2995 1225 3041 ete

216 3083 326 3147 tendit.
377 3082 483 3146 Simile
511 3093 558 3144 eat
585 3079 664 3142 illud
693 3078 880 3143 Ciceroniaz·
911 3081 983 3145 duur
1017 3094 1152 3167 tacent,
1185 3085 1231 3150 cit·

215 3209 311 3264 ruant.
353 3195 434 3258 Nam
456 3198 516 3279 οὐχ
537 3195 649 3260 οἷόντε
677 3202 823 3276 σιγῶντα
853 3194 959 3277 λέγειν
988 3206 1024 3255 ut
1044 3194 1136 3261 dicit
1156 3199 1233 3263 Pho

161 3368 163 3373 .
216 3312 251 3373 iu
273 3308 411 3392 Euthyd.
433 3309 552 3392 μὸοο,
571 3306 603 3367 h.
646 3305 844 3369 simillimum
866 3305 1035 3383 autemid,
1072 3310 1235 3394 qnodhor

216 3423 288 3508 ipso
309 3425 380 3488 loco
403 3398 682 3484 dixitDiosrehus
702 3419 741 3481 da
762 3441 816 3481 reo
837 3416 957 3500 judicas
979 3423 1159 3486 sententiaa
1179 3442 1236 3487 esse

94 3616 96 3622 Ι
216 3536 354 3615 laturos,
382 3535 420 3598 de
447 3532 607 3617 judicibus
634 3551 706 3607 eos,
733 3530 790 3615 qui
816 3530 1055 3594 circumstarent
1077 3533 1237 3629 judicium
1292 3572 1309 3609 χ

218 3647 315 3736 Quod
342 3647 448 3712 itidem
474 3644 543 3708 fieri
565 3645 652 3706 nullo
680 3654 772 3727 poeto
802 3655 912 3726 potest.
953 3641 1014 3707 Est
1043 3661 1156 3711 autem
1182 3647 1237 3717 hoe

217 3781 319 3845 geraus
340 3760 497 3846 quoddam
519 3754 678 3840 oxymori‚
700 3754 787 3839 quod
806 3754 851 3817 ita
874 3753 997 3818 ridetur
1017 3758 1236 3840 explicandum
1308 3816 1309 3834 ,

216 3892 292 3935 esse.
338 3873 436 3936 Verbi
466 3875 574 3950 ζητεῖν
602 3868 649 3930 ris
678 3867 807 3951 propria
832 3881 879 3931 est
908 3869 1100 3952 quaerendi,
1135 3871 1235 3958 inqui.

216 3985 324 4062 resedi,
357 3999 387 4047 et
408 3983 594 4060 transfertur
623 3981 664 4044 ab
686 3981 725 4042 iis
749 3981 860 4057 rebus,
886 4002 967 4066 quse
988 3979 1124 4045 amissae
1148 4005 1233 4069 quae-
1293 4038 1309 4082 ,

216 4109 341 4172 rantur,
361 4097 401 4163 ad
414 4102 466 4161 e'aa
486 4117 566 4182 quae
585 4096 683 4167 dotent
704 4107 734 4169 et
749 4096 886 4159 incertas
907 4106 997 4172 suut5
1017 4095 1104 4162 uude
1123 4096 1233 4189 hoton
