2618 4626
473 425 705 477 ...μ

86 603 337 700 accesserint,
380 608 533 688 desinet
566 612 717 700 mirari,
753 614 822 710 qui
858 617 1096 711 cogitaverit,

86 757 231 844 quanta
271 760 465 838 quamque
507 737 689 813 difficilis⁴
721 741 924 816 multarum
966 766 1095 817 rerum

87 869 251 961 scientia
274 868 324 940 sit
347 867 564 940 necessaria
591 865 642 938 ad
666 889 733 942 eos
763 868 951 964 legendos
973 884 1014 944 et
1037 873 1094 942 in·

86 992 381 1094 terpretandos,
399 1007 442 1065 ut
464 990 602 1069 eadem
624 993 888 1071 illa-ubertate
912 1011 952 1072 et
969 1000 1094 1096 copia,

86 1148 164 1224 qua
203 1122 307 1195 allici
348 1117 542 1219 debebant
579 1119 755 1197 homines
797 1121 1093 1199 deterrerentur·

89 1246 300 1324 Afferenda
324 1247 428 1320 enim
452 1260 511 1320 est
540 1263 716 1322 accurata
748 1252 921 1345 cognitio
946 1274 1089 1325 sermo·

86 1377 299 1482 nisAttici3
323 1398 410 1449 nam
428 1387 622 1448 oratorum
645 1375 834 1474 loquendi
849 1377 1089 1454 consuetudo

83 1517 250 1617 nonest
273 1516 350 1576 tarn
374 1514 555 1600 prompta
578 1515 619 1576 et
642 1499 835 1600 expedita,
860 1503 985 1601 qualis
1007 1504 1091 1579 Pla·

71 1632 188 1708 .tonis
212 1645 253 1706 et
271 1628 547 1728 Xenophontls
562 1640 648 1705 esse
662 1630 773 1704 solet.
812 1628 1092 1726 Cognoscenda
1127 1673 1129 1679 ·

83 1771 292 1856 praecepta
327 1758 515 1837 oratoria.
552 1777 652 1855 quae
691 1761 759 1857 qui
796 1781 875 1830 non
911 1762 1089 1848 tenuerit,

29 1864 34 1948 J
84 1908 202 1984 saepe
226 1888 265 1956 in
290 1882 463 1959 artificiis
502 1881 688 1957 haerebit.
735 1882 913 1959 Accedat
936 1900 1092 1983 oportet

83 2036 166 2099 non
176 2011 380 2089 mediocris
390 2010 668 2102 scientia-juris,
685 2011 928 2116 judiciorum,
949 2012 1090 2108 legum,

86 2142 395 2239 magistratuum,
417 2158 518 2234 quae
541 2160 602 2212 res
627 2139 694 2212 diu
717 2141 896 2232 jacebant
918 2141 958 2210 in
984 2153 1091 2212 tene·

53 2350 56 2357 ,
84 2265 176 2341 bris.
226 2247 473 2339 Grammatlci
497 2269 601 2341 enirn
626 2280 665 2341 et
687 2266 929 2352 scholiastae,
954 2268 1022 2364 qui
1046 2268 1088 2337 in

83 2416 130 2469 ea
155 2414 199 2466 re
221 2394 392 2489 magistri
416 2406 505 2467 sunt
530 2396 669 2479 nostri,
708 2396 740 2470 si
766 2393 862 2493 quid
885 2395 1011 2468 minus
1032 2394 1107 2464 in·¹

82 2517 331 2616 telligebant,
364 2520 485 2594 multa
514 2534 555 2594 et
578 2523 690 2594 ‘varia
721 2536 868 2597 temere
891 2504 1115 2597 commini·¹
1232 2515 1239 2531 '

86 2650 235 2722 scentes
270 2642 386 2724 facile
419 2668 462 2722 se
495 2667 544 2724 err
583 2647 872 2724 difficultatibus
906 2649 1091 2748 expedire
1211 2637 1213 2641 ¹

88 2774 285 2863 solebant,
317 2789 593 2875 traxeruntque
625 2780 852 2851 auctoritate
876 2799 944 2850 sua
966 2776 1090 2849 homi·

85 2924 157 2978 net
179 2901 464 2998 intelligentes,
501 2906 569 3002 qui
592 2903 740 3004 aliquid
772 2905 820 2978 iis
844 2902 1090 2978 tribuendum

53 3019 283 3128 ¹putarunt3
328 3045 388 3117 et,
436 3032 504 3128 qui
546 3034 716 3116 omnium
755 3032 924 3128 optimus
959 3052 1089 3103 aarum

84 3178 213 3233 rer-um
225 3170 289 3232 est
305 3171 450 3245 auctor,
472 3156 766 3255 Harpocration,
792 3157 911 3232 multa
931 3155 1089 3256 quidem

82 3282 244 3357 tradidit
266 3299 306 3357 et
337 3285 554 3381 praeclara,
586 3288 656 3362 sed
693 3287 873 3362 inchoata
903 3285 1090 3383 pleraque

86 3424 127 3484 et
149 3408 399 3511 imperfecta,
432 3436 561 3512 neque
594 3438 640 3491 ea
664 3430 771 3490 certo
796 3417 928 3512 aliquo
952 3410 1089 3488 ordine

86 3537 303 3639 descripta,
339 3539 410 3614 sed
443 3542 617 3640 dispersa
647 3559 687 3618 et
719 3544 899 3636 disjecta,
936 3556 978 3615 ut
1010 3563 1090 3613 non

81 3669 158 3738 nisi
184 3665 359 3742 homines
392 3667 498 3742 docti
522 3669 824 3771 habitantesque
850 3674 897 3744 in·
916 3693 964 3759 eo
990 3669 1091 3744 litte·

80 3817 206 3868 rarum
232 3818 375 3891 genere
398 3798 572 3874 invenire
604 3799 752 3900 aliquid
777 3817 817 3876 et
839 3821 976 3876 eruere
1000 3820 1089 3894 pos-

80 3926 167 4026 sint.
196 3924 446 4005 --Necessaria
464 3941 662 4022 praeterea
688 3947 746 4003 est
764 3932 937 4025 cognitio
961 3949 1088 4000 rerum

83 4068 298 4149 gestarum,
332 4050 433 4155 quae
457 4055 604 4130 itidem·
630 4062 778 4154 magnis
808 4056 979 4132 tenebris
1003 4068 1093 4129 sunt
