2618 4626
538 417 867 468 ...lq-a

250 603 423 677 Atticam
448 615 488 678 et
506 588 767 700 incorruptam
785 604 1018 702 perdiscere,
1044 606 1110 704 qui
1130 630 1256 684 mores

249 746 367 826 atque
398 733 569 805 instituta
604 732 741 828 populi
780 733 1052 820 Atheniensis,
1091 739 1158 833 qui
1195 761 1256 812 res

248 872 374 952 gestas
407 859 721 955 nossecupiant,
756 873 926 955 oratores
960 863 1135 958 inprimis
1168 877 1258 937 sunt

246 983 478 1066 adhibendi,
502 1006 575 1056 nec
598 986 666 1069 iis,
699 988 767 1085 qui
793 988 854 1061 vel
879 987 929 1061 ad
953 1002 1074 1061 artern
1100 986 1258 1062 dicendi

247 1134 289 1186 se
325 1113 585 1210 applicarunt,
622 1113 684 1187 vel
719 1113 769 1187 ad
805 1117 999 1188 civitatem
1035 1114 1257 1209 regendam,

246 1240 455 1311 illustriora
477 1238 655 1335 exempla
679 1241 730 1315 ad
753 1239 978 1341 imitandum
1004 1257 1092 1315 sunt
1117 1266 1259 1341 propo·

232 1370 329 1440 sita.
373 1360 452 1439 Has
472 1378 531 1438 tot
555 1379 756 1467 tantasque
775 1371 959 1443 utilitates
978 1392 1064 1440 cum
1090 1369 1258 1444 habeant

246 1509 438 1580 oratores,
488 1495 625 1565 mirum
668 1492 847 1592 profecto
891 1494 1100 1582 ridebitur,
1152 1496 1257 1569 unde

245 1618 483 1703 factumst,
521 1632 664 1692 uttam
697 1626 809 1717 pauci
845 1622 895 1695 ad
929 1646 1061 1695 eorum
1085 1622 1256 1696 studium

244 1746 575 1823 sercontulerint?
625 1750 761 1846 Atque
785 1750 865 1822 hoc
885 1772 964 1820 non
990 1752 1140 1844 ignavia
1165 1772 1256 1847 qua·

243 1876 331 1948 darn
355 1873 475 1950 seculi
502 1888 542 1945 et
561 1875 698 1948 inertia
723 1878 776 1947 ita
794 1879 969 1950 evenisse
988 1879 1027 1947 in
1053 1882 1255 1971 poetarum

41 2080 45 2089 ,
136 2044 142 2059 x
242 2004 397 2100 scriptis
421 2003 527 2075 cerni
561 2001 671 2084 licet,
706 2005 747 2073 in
779 2003 919 2101 quibus
953 2002 1253 2100 interpretandis

241 2144 282 2204 et
306 2127 571 2227 perpolieadis
591 2129 700 2201 multi
716 2131 1053 2205 'excellentissimis
1074 2131 1255 2205 homines

239 2259 408 2353 ingeniis
431 2257 640 2354 plurimum
667 2278 809 2353 operae
831 2257 1051 2355 laborisque
1077 2281 1254 2345 consum-

239 2397 382 2464 serunt.
430 2382 484 2458 Et
517 2386 559 2454 in
591 2383 844 2477 Tragicorum
877 2382 1036 2482 quidem
1068 2381 1254 2476 operibus

238 2509 400 2586 difficile
423 2524 483 2587 est
505 2531 904 2610 enumerare·,=·quam
940 2511 1050 2583 multi
1077 2509 1251 2584 elabora·

237 2642 383 2728 verint,
403 2663 409 2673 ·
431 2614 652 2737 quantique
697 2637 886 2712 industria
936 2660 983 2712 ac
1028 2639 1255 2714 curiositate

237 2765 356 2841 libros
382 2780 421 2841 et
445 2787 560 2838 manu
596 2767 767 2862 scriptos¹
788 2780 829 2840 et
850 2767 956 2861 typis
980 2786 1142 2839 excusos
1166 2781 1253 2839 tan-

151 2978 153 2983 .
235 2907 317 2966 tum
336 2880 431 2966 non·
457 2916 590 2968 omnes
607 2893 859 2967 ¹contulerint.
874 2895 976 2967 inter
1001 2914 1066 2978 se,
1103 2896 1251 2966 omnia·

236 3024 765 3120 que-conquisierint‚.quae
789 3019 838 3091 ad
860 3043 908 3093 ea
931 3019 994 3094 vel
1018 3019 1246 3114 explicanda

235 3149 297 3223 vel
330 3148 570 3225 emendanda
603 3153 861 3245 pertinerent,
896 3161 938 3219 ut
964 3147 1249 3248 ininnumera

83 3336 111 3369 „
234 3276 448 3350 editionum
495 3275 764 3364 multitudine,
812 3299 973 3374 quarum
1013 3275 1089 3348 alie
1132 3297 1250 3372 super

117 3486 120 3491 ,
233 3405 347 3479 aliam
371 3406 528 3480 lecturis
546 3408 789 3504 proponitur,
813 3407 877 3478 vix
895 3424 1097 3500 superesse
1116 3401 1250 3478 videa·

131 3614 134 3619 ,
233 3547 315 3621 tur,
340 3533 449 3632 quod
473 3533 522 3608 ab
547 3532 759 3609 editoribus
784 3530 922 3611 futuris
944 3534 1084 3625 corrigi
1110 3532 1246 3628 possit.

232 3660 320 3735 Nec
347 3665 473 3736 minus
497 3662 544 3736 ab
570 3661 789 3735 hominibus
815 3659 1083 3734 eruditissimis
1107 3681 1249 3732 conce·

232 3789 419 3865 lebratum
446 3805 506 3864 est
529 3791 696 3864 studium
723 3789 893 3863 Platonis
919 3809 1150 3886 eorumque,
1177 3788 1249 3884 qui

229 3942 291 3995 res
314 3934 441 4015 gestas
467 3921 724 4018 scripserunt,
748 3916 962 4001 Herodoti,
988 3913 1246 4008 Thucydidis,

228 4047 512 4145 Xenophontis.
576 4043 645 4119 Ad
687 4059 860 4120 oratores
884 4068 969 4119 -cur
1010 4057 1088 4117 tam
1128 4048 1246 4143 pauci

65 4188 168 4328 'Q
