2618 4626
431 440 480 454 -
533 416 698 511 125⁸-

71 609 146 675 οὑδὲ
167 614 283 692 τιμῆς
306 609 446 692 μεγάλης
466 611 625 694 τύχοιμεν
646 642 695 672 -.
723 610 799 674 οὑδὲ
819 643 860 657 -
877 582 1073 696 χρήματα
1161 703 1164 711 ¹

71 725 205 786 πλεῖστ’
232 721 274 788 άν
309 723 477 806 λάβοιμεν.
528 722 720 815 Concludam
753 723 833 784 harto
863 723 900 785 de
936 723 1074 786 chiasmo

73 834 311 918 disputationem
348 834 457 896 eximio
488 834 623 918 quodam
651 846 682 894 et
707 833 838 895 notabili
874 837 1012 934 exemplo
1040 859 1076 899 ex
1127 866 1128 870 ¹

72 949 184 1030 Lysiae
204 946 343 1009 oratione
365 949 445 1031 ὑπὲρ
466 956 529 1013 τοὺ
550 948 718 1012 ἀδυνάτου
747 960 864 1023 sumto,
895 947 930 1008 in
951 934 1016 1031 ipuo
1037 947 1077 1010 si·
1105 952 1109 957 “

73 1062 138 1125 mul
166 1060 318 1122 ohiasmus
346 1059 444 1139 ineat,
473 1072 503 1122 et
523 1059 664 1121 inversus
689 1072 734 1122 est
761 1062 839 1122 ordo
867 1060 1078 1122 membrorum
1186 1140 1189 1147 1

73 1194 105 1256 p.
121 1171 197 1256 752:
219 1178 257 1236 οὑ
278 1174 340 1258 γὰρ
362 1168 615 1256 πενομένους
635 1175 692 1234 καὶ
712 1174 789 1237 λίαν
811 1175 936 1258 ἀπόρως
954 1176 1077 1236 διακει-

76 1288 188 1367 μένους
213 1289 354 1372 ὑβρίζειν
383 1285 484 1364 εἰκός,
517 1284 607 1348 ἀλλά
634 1286 712 1362 τοὺς
745 1290 857 1372 πολλῷ
885 1288 984 1351 πλείω
1013 1295 1080 1352 τῶν
1172 1315 1175 1320 ·

76 1396 263 1482 ἀναγκαίων
295 1399 587 1483 κεκτημένους·
621 1399 695 1463 οὑδὲ
726 1401 804 1476 τοὺς
839 1399 1080 1475 ἀδυνάτους

75 1526 146 1587 τοῖς
168 1513 318 1596 σάμασιν
337 1513 458 1590 ὄντας,
479 1513 568 1577 ἀλλά
584 1513 662 1589 τοὺς
683 1512 835 1596 μάλιστα
856 1496 1080 1579 πιστεύον·

75 1651 151 1701 τας
173 1639 273 1700 ταῖς
295 1631 436 1690 αὑτῶν
456 1627 623 1709 ῥώμαις·
652 1627 728 1688 οὑδὲ
749 1628 826 1702 τοὺς
854 1622 911 1702 ἤδη
933 1629 1080 1713 προβε·

74 1728 261 1823 βηκότας
283 1747 326 1820 τῇ
346 1739 473 1821 ἡλικίᾳ,
496 1739 585 1802 ἀλλὰ
601 1739 679 1813 τοὺς
701 1735 753 1801 ’έτι
773 1741 891 1813 νέους
913 1739 970 1800 καὶ
991 1737 1081 1814 νέαις

76 1865 153 1925 ταῖς
176 1851 340 1927 διανοίαις
360 1853 550 1936 χρωμένους.
574 1854 608 1914 οἱ
625 1853 682 1934 μέν
698 1851 762 1937 γάρ
783 1852 991 1915 πλοὺσιοι
1010 1864 1082 1929 τοῖς
1104 1836 1109 1858 ¹

75 1968 240 2049 χρήμασιν
262 1967 458 2043 ἐξωνοῦνται
478 1965 556 2038 τοὺς
577 1964 767 2040 ιιινδὺνους,
799 1967 831 2027 οἱ
853 1965 888 2028 δέ
908 1964 1082 2040 πένητες

76 2079 140 2140 ὑπὸ
171 2087 227 2154 τῆς
248 2080 413 2155 παρούσης
441 2078 581 2162 ἀπορίας
611 2089 791 2161 σωφρονεῖν
819 2077 1080 2161 ἀναγκάζονταν
1107 2160 1109 2166 Α

78 2192 135 2252 καὶ
149 2193 258 2275 οἱμὲν
279 2193 368 2258 νέοι
392 2192 577 2276 συγγνώμης
598 2191 774 2266 ἀξιοῦνται
791 2189 970 2274 τυγχάνειν
988 2191 1083 2272 παρὰ

77 2313 142 2370 τῶν
165 2299 409 2389 πρεσβυτέρων,
436 2316 531 2380 τοῖς
554 2306 582 2367 δ’
598 2306 766 2381 ἑτέροις
793 2303 1082 2388 ἐξαμαρτάνουσιν

77 2418 192 2502 ὁμοίως
209 2421 404 2502 ἐπιτιμῶσιν
422 2419 617 2504 ἀμφότεροι·
638 2416 696 2479 καί
714 2427 785 2491 τοῖς
803 2415 861 2501 μὲν
883 2421 1081 2501 ἰσχυροῖς

78 2535 205 2615 ἐγχωρεῖ
227 2532 324 2613 μηδὲν
344 2535 459 2606 αὑτοῖς
486 2531 695 2617 πάσχουσιν,
723 2527 777 2607 οὑς
798 2532 840 2598 ote
862 2533 1081 2614 βουληθῶσιν,

77 2647 237 2729 ὑβρίζειν,
266 2657 337 2721 τοῖς
369 2645 404 2708 δὲ
425 2645 659 2712 ἀσθενέσιν
688 2646 748 2706 οὐκ
773 2640 867 2709 ’ἔστιν
894 2643 971 2709 οὔτε
991 2650 1079 2729 ὑβρι·
1188 2638 1192 2647 “

78 2758 229 2841 ζομένους
251 2759 441 2843 ἀμύνεσθαι
461 2761 539 2833 τοὺς
558 2757 793 2838 ὑπάρξαντας,
816 2754 894 2820 οὔτε
911 2786 961 2819 «-.
992 2757 1079 2821 -vide

79 2871 116 2932 se
129 2870 186 2931 hae
201 2891 236 2930 re
249 2868 391 2954 inprimis
405 2870 506 2934 cicer.
518 2870 556 2934 ιι
566 2868 682 2931 invent.
697 2866 755 2930 us.
763 2867 787 2944 1,
806 2847 833 2929 ι.
844 2868 893 2931 ιε.
915 2866 1080 2960 oneremus

78 2983 115 3045 de
148 2981 259 3067 figuris
280 2995 310 3045 et
335 2983 372 3045 da
394 2981 565 3067 praeceptis
585 2964 858 3066 grammaticorum
881 2981 1078 3045 statuendum

79 3107 124 3155 est
146 3094 242 3172 idem,
264 3096 350 3178 quod
370 3095 476 3157 statuit
491 3092 602 3158 Cicero
623 3093 660 3155 da
680 3092 852 3177 praeceptis
873 3092 1033 3156 rhetorum
1046 3092 1081 3157 iu

78 3208 164 3270 libro
180 3208 218 3269 de
235 3205 323 3270 Orat.
332 3207 355 3284 1,
374 3229 400 3269 o.
410 3208 460 3271 ὄν.
502 3205 646 3283 „Varum
666 3225 728 3292 ego
751 3205 830 3267 hano
851 3205 913 3268 vim
933 3207 1079 3292 intelligo

79 3342 145 3382 esse
173 3319 205 3381 in
226 3320 396 3405 praeceptis
423 3319 585 3394 omuibus,
613 3339 678 3380 nou
699 3329 734 3378 ut
753 3339 789 3380 ea
808 3320 906 3381 secuti
928 3333 1079 3399 oratores,

80 3432 274 3516 eloquentiae
302 3433 423 3494 laudem
452 3431 515 3494 sint
539 3431 661 3515 adepti,
690 3431 744 3492 aad
777 3450 856 3514 quae
885 3453 940 3494 aua
969 3445 1079 3516 sponte

80 3546 223 3607 homines
255 3546 434 3628 eloquentes
468 3542 624 3620 facerent„
660 3565 696 3605 aa
723 3543 873 3627 quosdam
903 3542 1084 3607 observasse

81 3673 173 3743 atque
195 3658 377 3744 digessisse:
408 3656 451 3717 sio
472 3676 624 3747 essenon
651 3653 859 3740 eloquentiam
885 3675 921 3719 ex
941 3654 1091 3735 artificio‚'

84 3770 137 3834 aad
158 3769 324 3833 artificium
344 3791 380 3831 ex
400 3767 576 3850 eloquentia
592 3776 729 3831 uatum.“

161 3884 212 3947 Ad
232 3895 351 3945 caetera
377 3880 558 3965 priusquam
574 3879 765 3967 eggradiar‚
780 3905 782 3909 ⁴
795 3878 904 3965 pauoia
923 3899 1084 3964 exponam,

80 3997 156 4082 quid
185 3999 223 4059 sit
251 3996 312 4058 hoo
343 3994 413 4056 loco
441 3992 570 4056 verbum
598 3997 786 4084 προλέγειν,
820 4013 889 4055 oum
921 4013 1021 4076 nepta
1050 3989 1085 4053 iu

43 4195 48 4201 .
79 4110 120 4172 H.
136 4109 283 4194 Stephani
295 4107 387 4173 Thes.
408 4107 494 4184 ΉΙ,
514 4127 545 4191 p.
556 4105 626 4170 δυο.
646 4127 747 4192 neque
766 4104 801 4169 iu
822 4102 964 4170 Peaeoeii
984 4101 1082 4168 lerioo
