2618 4626
499 332 773 382 ,ιι-Ἦ·-

154 515 432 605 circumfusae,¹
474 540 561 591 oum
602 535 775 593 oratores
808 538 870 592 rer
906 515 1069 593 eosdem
1102 520 1159 597 alii

154 649 277 730 aliter.
304 662 420 745 prout
443 642 519 719 fert
544 667 665 740 genus
683 666 892 728 causarum,
914 644 1074 723 soleant
1088 668 1159 743 oar·

155 799 240 848 rare
265 777 464 872 multoque
501 796 618 871 saepe
642 775 745 847 inter
777 795 846 846 eos
877 773 1019 861 major,
1053 795 1156 872 quoru

61 880 63 885 ’
154 905 254 975 inter
286 915 458 975 caeteros
490 903 698 997 scriptores
730 897 782 976 de
815 896 930 973 rebus
959 902 1087 994 gestis
1117 903 1156 979 rit

153 1033 426 1107 controversia.

250 1284 331 1359 Sed
362 1306 442 1384 quo
475 1285 637 1376 majores
663 1278 907 1358 difficultates
936 1280 1061 1359 habet
1086 1307 1144 1363 ore

152 1428 278 1488 torum
304 1396 592 1510 interpretatio,
618 1433 666 1485 eo
686 1413 806 1506 magis
830 1409 1022 1484 laudande
1048 1426 1147 1513 atqu

152 1539 374 1613 admiranda
398 1561 530 1613 eorum
565 1522 752 1612 industria
784 1553 863 1627 est,
898 1540 967 1637 qui
992 1536 1098 1617 nihil
1118 1559 1149 1617 ot

153 1691 195 1740 re
220 1665 532 1752 deterrebantur,
567 1669 773 1763 quominus
797 1664 888 1739 huic
909 1663 1042 1739 studio
1068 1667 1150 1741 mul·

151 1809 233 1869 tum
258 1796 443 1890 temporis
477 1806 517 1867 et
550 1814 694 1888 operae
726 1796 980 1890 impertirent.
1032 1794 1080 1869 ln
1103 1796 1152 1873 hir

31 1957 33 1961 ·
151 1922 467 2022 praestantissimi
501 1934 541 1994 et
564 1923 721 2016 ingenio
757 1935 797 1994 et
819 1918 996 1996 doctrina
1028 1946 1151 2000 nume·

150 2049 260 2124 rendi
285 2065 373 2124 sunt
392 2049 583 2124 Henrious
608 2046 827 2144 Stephanus
847 2046 981 2125 Gallus
1007 2064 1048 2126 et
1069 2050 1150 2127 Hie·

63 2224 65 2229 ,
150 2201 332 2270 ronyrnus
350 2177 520 2254 Wolfius
545 2176 779 2261 Germanusr
803 2197 966 2272 quorum
994 2193 1151 2278 uterque

149 2305 357 2403 plurimum
392 2304 602 2401 opitulatus
627 2318 685 2376 est
716 2299 766 2374 ad
796 2315 990 2376 oratorum
1015 2309 1151 2406 scripta

149 2435 363 2506 accuratius
412 2429 610 2518 tractanda
655 2443 695 2503 et
745 2429 1008 2524 intelligenda.
1075 2433 1151 2511 Hot

149 2580 289 2653 magno
304 2560 507 2646 intervallo
529 2569 758 2633 consecutus
779 2571 839 2630 est
861 2557 1053 2651 Taylorus
1073 2563 1172 2637 Au·

150 2687 256 2781 glus,
282 2687 348 2783 qui
375 2685 543 2762 editores
567 2688 786 2783 superiores
811 2690 989 2782 aequavit
1013 2711 1150 2764 sermo·

148 2817 209 2886 nis
235 2811 375 2888 Graeci
403 2818 584 2901 seientia,
610 2836 775 2895 morum,
800 2811 949 2908 legum,
973 2815 1069 2906 juris
1092 2841 1151 2892 oo·

149 2944 325 3036 gnitione
350 2944 467 3016 etiarn
491 2945 693 3038 superavit.
744 2941 914 3034 Teyloro
939 2943 1045 3041 apud
1061 2943 1148 3021 Gen

148 3091 279 3142 munos
303 3073 488 3145 successit
511 3069 714 3156 Reiskius,
748 3068 865 3142 horno
891 3071 1077 3165 singulari
1101 3075 1149 3147 in.

148 3199 253 3292 genii
277 3204 474 3284 acumine,
500 3201 566 3296 qui
591 3199 765 3296 quamvis
789 3196 895 3270 nulla
918 3222 960 3273 re
984 3216 1152 3296 praeter·
1189 3180 1193 3285 l

148 3346 263 3422 quam
289 3328 447 3421 ingenio
484 3329 574 3403 satis
599 3324 886 3423 paratus.hane
914 3329 1153 3424 provinciam

148 3456 383 3549 susceperit,
417 3454 536 3527 multa
560 3469 706 3527 temere
728 3464 769 3526 et
790 3454 1008 3529 inconsulte
1032 3472 1152 3529 muta·

146 3583 256 3667 verit,
281 3581 392 3679 plura
417 3586 530 3657 etiarn
557 3582 762 3678 depravate
788 3582 999 3681 reliquerit,
1025 3597 1153 3657 tamen

9 3708 19 3723 ⁸
146 3710 294 3804 opt-ime
319 3708 370 3782 <le
394 3710 470 3784 hoe
494 3711 705 3783 litterarum
724 3730 867 3804 genere
892 3713 1049 3784 meritus
1068 3732 1152 3785 esse

144 3837 418 3912 existimandus
444 3853 519 3924 θεῖς
556 3859 643 3909 nam
674 3860 754 3910 non
785 3836 908 3910 solum
933 3837 1152 3934 complures

59 4028 63 4035 .
144 3962 300 4040 codices
317 3982 358 4043 et
367 3965 565 4049 :editiones
583 3978 733 4040 ueteres
746 3967 848 4041 inter
871 3990 913 4041 se
932 3962 1095 4042 eontulit
1112 3980 1151 4041 et

777 4276 953 4386 sl
