2618 4626
437 408 682 456 ..lx—-

80 595 269 672 industria
286 597 480 671 communi
498 591 640 672 factum
656 607 727 678 est,
750 605 793 669 ut
808 594 968 671 sublatis·
985 592 1086 675 diffit

80 723 288 801 cultatibur
329 723 507 823 plurimis
546 736 588 798 et
628 720 939 819 impedimentis,
984 744 1087 824 quae

81 854 258 929 homines
292 850 434 948 singuli
462 849 582 923 nullo·
607 850 739 924 labore
769 866 951 949 poterant
971 873 1088 952 rupe·v

74 1002 187 1067 rare,
211 981 343 1075 rigere
364 979 442 1070 jam
465 981 640 1077 coeperit
662 993 855 1054 oratorum
883 976 1070 1054 studium.'

177 1232 287 1309 Haec
308 1232 362 1307 ob
385 1250 469 1306 eam
487 1252 567 1308 rem
582 1233 744 1331 ¹longius
765 1232 977 1332 repetenda
1000 1256 1088 1309 esse

82 1359 267 1455 judicari,
309 1360 417 1461 quod
460 1364 721 1461 maximopere
754 1364 995 1461 pertinerent
1015 1363 1089 1436 --ad

83 1493 278 1565 orationes
300 1487 512 1578 Dinarchi,
537 1512 632 1590 quas
655 1490 732 1565 hoc
754 1490 949 1566 volumine
972 1493 1091 1564 intere

82 1622 227 1718 pretari
251 1632 293 1693 et
316 1617 522 1693 emendare
545 1620 704 1694 institui.
751 1617 867 1694 Nunc
891 1617 941 1690 ad
960 1621 1089 1718 ipsum

81 1744 324 1823 Dinarchum
359 1761 604 1822 transeamus.
663 1745 803 1822 Dicam
839 1762 967 1821 autem
1002 1769 1089 1845 per·

66 1854 251 1950 ,breviter
281 1877 448 1974 primum
482 1873 534 1951 de
566 1895 637 1964 eo,
657 1898 752 1974 ‚quo
776 1875 996 1949 Dinarchus
1024 1890 1089 1950 est

82 2024 175 2074 usus
210 2006 396 2077 sermonis
435 2023 577 2098 genere
617 2015 658 2075 et
697 2006 903 2093 orationis,
944 2001 1088 2078 deinde

87 2141 272 2224 quantum
317 2126 553 2226 profecerint
598 2116 767 2204 editores
814 2152 1006 2230 exponam
1047 2144 1088 2206 et

85 2275 202 2353 quam
233 2275 308 2351 ego
335 2271 492 2330 'secutus
524 2237 596 2330 sim
621 2261 820 2331 rationem.

178 2381 251 2458 Est
259 2387 376 2480 igitur
385 2406 507 2480 genus
522 2390 708 2463 sermonis
722 2385 910 2473 Atticum,
934 2408 1087 2483 purum,

82 2511 393 2613 elegana·neque
416 2517 470 2588 ita
488 2514 648 2587 multum
660 2511 839 2586 differens
863 2510 912 2587 ab
928 2536 989 2601 eo,
1008 2538 1088 2613 quo
1167 2556 1177 2578 κ

84 2640 142 2713 osi
156 2653 245 2713 runt
256 2643 394 2714 summi
406 2656 578 2717 oratores
587 2639 1087 2717 AeschincsetDemcsthe·

86 2788 173 2854 nes;
190 2770 316 2840 oratio
333 2784 461 2844 autem
478 2769 671 2843 interdum
688 2784 747 2844 est
764 2793 910 2867 aspera,
930 2770 1088 2843 horrido

84 2909 125 2969 et
142 2897 322 2980 incomta,
346 2910 389 2970 ut
411 2893 526 2972 facile
546 2895 823 2970 animadvertas
845 2894 1092 2972 ferocitatem

83 3021 277 3121 quandam
299 3025 447 3120 ingenii
471 3040 511 3100 et
542 3023 832 3099 similitudinem
854 3025 1087 3100 Demosthe·

83 3150 157 3225 nis.
205 3147 287 3226 Sed
317 3148 401 3226 hoc.
418 3152 508 3227 loco
541 3175 620 3225 non
655 3153 977 3250 praetereundum
1002 3178 1088 3230 esse

83 3277 237 3355 videtur
272 3276 530 3376 Hermogenis
569 3280 752 3354 rhetorici
796 3281 847 3356 de
887 3281 1088 3358 Dinarcho

48 3380 64 3391 ⁰
84 3401 291 3495 judicium,
314 3409 381 3503 qui
406 3409 446 3478 in
465 3406 568 3483 hunc
590 3405 747 3480 modum
765 3409 898 3483 scribit
913 3417 971 3498 *ὓς
1015 3411 1088 3485 Di·

86 3531 252 3608 narchur
273 3573 324 3594 -
340 3557 429 3608 cum
453 3537 503 3611 sit
525 3537 708 3637 politicus
732 3551 772 3612 et
795 3553 978 3636 quantum
999 3540 1088 3616 ficri

143 3842 177 3918 *J
198 3843 407 3932 Hermogenis
425 3860 482 3908 etc.
510 3849 548 3910 dc
580 3863 644 3913 arte
677 3851 833 3915 rhetorica
866 3864 1028 3935 praecepte
1050 3888 1090 3901 -
1170 3900 1179 3912 ,

205 3966 307 4028 nuper
327 3947 362 4006 iu
378 3947 508 4009 latinum
524 3971 693 4016 sermonem
713 3975 809 4020 versu.
850 3952 988 4015 Baailcac
1008 3951 1091 4037 apud

206 4045 335 4110 Petrum
355 4046 488 4109 Pernam
507 4070 539 4133 p.
552 4053 624 4115 321.
