2618 4626
622 379 887 459 -126-

250 590 343 669 un,
363 589 475 678 p.sta.
503 586 694 674 signinam
724 558 790 675 ejas
812 587 898 652 aru
926 599 996 673 spu
1023 587 1104 652 ause
1128 589 1204 652 1000
1221 591 1262 652 ι.

248 707 402 771 veniatur.
443 701 581 787 Lyeurg.
601 699 635 764 in
655 701 799 764 laeserat.
819 725 850 788 p.
865 700 940 793 ¹33?
973 705 991 764 ὁ
1011 703 1263 786 νόμοςπὲφοκε

208 818 211 849 ·’
248 820 439 904 προλέγειν,
469 813 557 898 σιμὴ
579 815 628 876 δεῖ
650 814 822 889 πράττειν.
867 814 1028 879 Demosth.
1058 836 1091 898 p.
1115 817 1218 880 1323:
1248 822 1262 880 ὁ

248 934 347 1017 νόμος
369 931 527 1006 οὗτος-
546 916 618 1004 τοῖς
641 929 910 1014 προαιρουμένοις
932 929 1174 1014 ἢνράφεσθαι
1195 956 1264 1016 yuu-

249 1046 317 1128 φὰς
330 1045 348 1121 ἢ
361 1045 496 1132 φαίνειν
508 1042 526 1118 ἢ
538 1040 623 1106 ἄλλο
646 1045 683 1105 τι
703 1054 813 1106 ποιεῖν
835 1049 902 1107 τῶν
923 1047 956 1107 ἐν
974 1052 1022 1127 τῷ
1040 1045 1138 1129 νόμῳ
1160 1049 1265 1131 τούτῳ

248 1165 478 1244 γεγραμμένων
498 1156 649 1257 προλέγει
669 1157 856 1240 διαρρήδην,
879 1157 929 1240 ἐφ’
945 1157 994 1232 οἷς
1017 1156 1175 1225 ἐἰιοιστόν
1199 1164 1265 1225 ἐστι

218 1336 221 1347 ,
247 1274 376 1339 τούτων
397 1269 562 1347 ποιητέον.
596 1266 686 1329 Plato
702 1267 740 1329 (le
752 1267 854 1353 [regg.
863 1267 905 1346 V,
926 1269 1085 1355 p.7lsr,=h:
1112 1281 1167 1356 τῷ
1181 1274 1265 1368 ἀπε).

247 1391 370 1451 θοῦντι
391 1386 490 1467 νόμος
511 1380 741 1470 προστάττει,
762 1383 927 1466 προειπὼν
950 1385 1000 1449 ἐπὶ
1025 1386 1175 1462 τούτοις
1198 1392 1264 1461 κλη-

119 1484 125 1491 ’
249 1504 395 1582 potiusne
424 1500 485 1563 τὸν
517 1500 680 1562 ἐθέλοντα
710 1495 728 1571 ἢ
756 1494 798 1577 μὴ
824 1498 1027 1580 κληροῦσθαι
1049 1531 1103 1562 -.
1142 1497 1186 1562 ef.
1212 1500 1265 1562 De-

248 1612 361 1676 mustb.
382 1631 494 1694 P·7¹¹·
522 1605 555 1668 in
577 1606 625 1668 his
644 1608 814 1694 προλέγειν
842 1619 889 1668 εει
908 1607 1106 1692 praedicere,
1138 1613 1266 1696 praesti-

247 1737 352 1801 tuere,
378 1722 575 1808 praecipere,
603 1739 747 1795 manem
774 1717 935 1804 Ioniusque
961 1733 1006 1783 εει
1026 1720 1090 1785 hoa
1123 1728 1265 1802 verbum,

247 1858 341 1922 quam
378 1837 625 1921 προστάττειν,
664 1834 827 1910 κελεύειν,
864 1837 1103 1919 ἀπαγορεύειν,
1152 1838 1265 1922 quibus

243 1946 351 2014 verbis
375 1947 408 2010 in
436 1948 495 2011 hus
523 1969 558 2015 re
585 1942 760 2031 saepissima
786 1945 888 2008 solent
908 1948 963 2009 nti.

329 2059 450 2124 Deinde
475 2059 607 2144 pluralis
627 2065 660 2125 ai
679 2059 777 2143 νόμοι
805 2079 871 2119 nun
897 2071 943 2121 est
962 2059 1011 2120 lex
1031 2058 1150 2144 aliqua
1173 2075 1264 2138 certa,

245 2186 282 2237 ut
301 2173 402 2238 visum
430 2185 475 2236 est
495 2171 731 2248 Schoemanuu,
750 2170 812 2232 sed
831 2171 918 2257 leges
946 2161 1205 2256 (significatione
1224 2174 1264 2236 ls-

246 2285 341 2360 tiore)
363 2287 383 2349 i.
399 2307 425 2349 e.
446 2286 495 2364 id,
518 2285 604 2370 qnod
624 2282 769 2348 convenit
790 2296 882 2367 atque
903 2282 1104 2368 conjunctum
1132 2300 1184 2348 εει
1198 2309 1261 2348 eum

245 2399 369 2462 ratione
390 2398 493 2483 legum
514 2397 734 2460 institutarum.
762 2395 805 2458 Et
825 2417 860 2457 ex
879 2394 976 2457 verbo
997 2400 1259 2483 νεῷ-ἀξιοῦντι

245 2509 280 2574 id
300 2524 346 2573 εει
367 2494 483 2594 siquis
503 2509 626 2594 cupiat,
647 2507 737 2573 steila
756 2505 963 2593 intelligitur,
982 2528 1047 2571 uun
1068 2508 1174 2574 fuisse
1195 2512 1259 2597 lege

246 2622 352 2707 aliqua
371 2634 513 2699 santum,
540 2643 580 2684 ne
601 2622 671 2706 quis
693 2620 733 2682 ad
752 2621 977 2709 rempublicam
995 2621 1180 2700 accederet,
1208 2622 1259 2707 qui

244 2734 354 2798 liberis
381 2745 567 2797 earet-etate.
610 2733 674 2796 Has
703 2733 745 2796 ob
772 2753 894 2795 caussas
922 2756 988 2796 nun
1016 2732 1148 2817 amnia,
1182 2733 1257 2819 quas

245 2826 369 2939 sciipuit
396 2847 626 2909 Sebaemannus
656 2847 694 2910 de
732 2867 768 2908 ss
800 2867 835 2907 ne
862 2847 895 2907 in
924 2847 1007 2909 libro
1036 2846 1075 2909 (le
1105 2845 1257 2910 Comitiis

244 2958 482 3023 Atheniensium
503 2983 534 3045 p.
553 2981 619 3024 ris.
641 2973 671 3024 et
694 2962 762 3025 113.
795 2958 973 3045 probabilia
995 2957 1074 3021 mihi
1095 2958 1257 3021 videntur.

202 3076 215 3099 ¹*
245 3071 379 3156 Scripsit
405 3087 519 3136 autem:
562 3074 768 3152 „Voluerunt
794 3095 869 3150 eos,
906 3072 961 3156 qui
989 3070 1099 3157 populi
1134 3071 1201 3134 fide
1230 3083 1258 3134 et

184 3164 189 3172 ¹
243 3183 369 3269 publiea
400 3186 581 3250 auctoritate
613 3187 701 3273 digni
731 3185 829 3249 videri
855 3185 985 3261 vellent,
1018 3180 1258 3247 matrimonium

244 3284 365 3358 nullum
384 3300 590 3380 contraxisse,
618 3299 704 3385 quod
724 3320 789 3362 nou
818 3313 897 3361 esset
914 3297 1103 3383 legitimum,
1130 3308 1166 3358 et
1187 3296 1258 3357 fun·

165 3495 167 3503 X
243 3408 303 3471 dos
328 3407 410 3471 iutra
424 3412 557 3477 Atticae
588 3412 666 3478 fines
694 3411 863 3496 possidere.
905 3400 1066 3474 Laudatur
1098 3405 1258 3491 ejusmodi

243 3520 329 3583 lexa
349 3518 524 3602 Dinaruho‚
546 3525 601 3590 sed
621 3526 676 3603 ita,
697 3536 733 3586 ut
747 3522 830 3585 band
850 3521 938 3584 facile
958 3521 1124 3605 intelligas,
1148 3533 1257 3582 utrum

244 3654 352 3697 omnes
374 3635 517 3710 omnino,
540 3635 650 3721 quiin
671 3635 807 3700 comitiis
826 3637 921 3700 verba
942 3611 1130 3710 fauiantsea
1152 3633 1257 3696 teneri

243 3745 343 3824 dieat,
368 3769 411 3812 an
431 3747 536 3833 petius
564 3750 659 3813 rerba
686 3749 757 3812 illa:
786 3740 832 3834 τῷ
849 3754 962 3835 ῥήτορι
990 3750 1049 3826 τὴν
1071 3748 1169 3826 παρὰ
1190 3754 1257 3811 τοῦ

245 3862 347 3945 δήμου
367 3864 486 3926 πύστιν
508 3843 661 3940 ἀξιοῦντι
684 3869 818 3950 λαβεῖν,
840 3863 883 3927 ila
904 3860 1080 3947 accipienda
1103 3857 1189 3935 sint,
1218 3869 1256 3918 ut

243 3964 446 4062 designentur
473 3975 516 4053 ii,
550 3978 604 4060 qui
631 4000 756 4041 munere
783 3978 887 4062 aliquo
916 3974 1059 4060 publico,
1089 3971 1255 4057 legatione

243 4097 319 4169 puta
346 4087 396 4152 vel
422 4088 567 4174 publicas
596 4111 704 4157 musae
730 4088 913 4178 patrocinia>
933 4086 1065 4173 aliisque
1093 4082 1255 4148 similibus
